,tic,date,totalRevenue,costOfRevenue,sellingGeneralAndAdministrative,researchAndDevelopment,depreciation,interestExpense,totalCurrentLiabilities,incomeTaxExpense,netIncome,commonStockSharesOutstanding,cashAndCashEquivalentsAtCarryingValue,cashAndShortTermInvestments,operatingCashflow,totalLiabilities,inventory,currentNetReceivables,propertyPlantEquipment,capitalExpenditures,longTermInvestments,totalShareholderEquity,longTermDebt,retainedEarnings,dividendPayoutCommonStock,paymentsForRepurchaseOfCommonStock,treasuryStock,currentLongTermDebt
0,WBA,2023-08-31,140471000000,149818000000,34205000000.0,371000000.0,0.0,580000000.0,24535000000.0,-1858000000,-3080000000,863500000.0,739000000.0,739000000.0,2258000000,68140000000,8257000000.0,5381000000.0,10909000000.0,2117000000.0,3497000000.0,20020000000,9092000000.0,33058000000.0,1659000000.0,150000000.0,20717000000.0,918000000.0
1,WBA,2022-08-31,132961000000,134560000000,27295000000.0,307000000.0,0.0,400000000.0,22583000000.0,-30000000,4337000000,864400000.0,1358000000.0,2472000000.0,3899000000,59717000000,8353000000.0,5017000000.0,23884000000.0,1734000000.0,5495000000.0,25275000000,11708000000.0,37801000000.0,1659000000.0,187000000.0,20683000000.0,1059000000.0
2,WBA,2021-08-31,131917000000,130222000000,24586000000.0,284000000.0,0.0,905000000.0,22054000000.0,667000000,2542000000,865100000.0,559000000.0,1193000000.0,5555000000,57145000000,8159000000.0,5663000000.0,12247000000.0,1379000000.0,6987000000.0,23419000000,9018000000.0,35121000000.0,1617000000.0,110000000.0,20593000000.0,1306000000.0
3,WBA,2020-08-31,138974000000,141859000000,25436000000.0,300000000.0,0.0,613000000.0,27070000000.0,339000000,456000000,866500000.0,469000000.0,516000000.0,5484000000,66038000000,7917000000.0,7132000000.0,12796000000.0,1374000000.0,7338000000.0,20637000000,15816000000.0,34210000000.0,1747000000.0,1589000000.0,20575000000.0,3000000.0
4,WBA,2019-08-31,136162000000,132887000000,23557000000.0,260000000.0,1500000000.0,650000000.0,25769000000.0,577000000,3982000000,899600000.0,1023000000.0,1023000000.0,5594000000,44086000000,9333000000.0,7226000000.0,13478000000.0,1702000000.0,6851000000.0,23512000000,16916000000.0,35815000000.0,1643000000.0,4160000000.0,19057000000.0,5738000000.0
5,WBA,2018-08-31,131537000000,100745000000,24694000000.0,0.0,1400000000.0,616000000.0,21667000000.0,998000000,5024000000,974800000.0,785000000.0,785000000.0,8263000000,42117000000,9565000000.0,6573000000.0,13911000000.0,1367000000.0,6610000000.0,26007000000,14477000000.0,33551000000.0,1739000000.0,5228000000.0,15047000000.0,1966000000.0
6,WBA,2017-08-31,118214000000,89052000000,23813000000.0,0.0,1300000000.0,693000000.0,18547000000.0,760000000,4078000000,1055200000.0,3301000000.0,3301000000.0,7255000000,38543000000,8899000000.0,6528000000.0,13642000000.0,1351000000.0,6320000000.0,27466000000,13027000000.0,30137000000.0,1723000000.0,5220000000.0,9971000000.0,251000000.0
7,WBA,2016-08-31,117351000000,87477000000,23910000000.0,0.0,1300000000.0,596000000.0,17013000000.0,997000000,4173000000,1082500000.0,9807000000.0,9839000000.0,7847000000,42808000000,8956000000.0,6260000000.0,14335000000.0,1325000000.0,6174000000.0,29880000000,19150000000.0,27684000000.0,1563000000.0,1152000000.0,4934000000.0,323000000.0
8,WBA,2015-08-31,103444000000,76691000000,22400000000.0,0.0,1300000000.0,605000000.0,16557000000.0,1056000000,4220000000,1053900000.0,3000000000.0,3036000000.0,14414000000,37921000000,8678000000.0,6849000000.0,15068000000.0,1251000000.0,1242000000.0,30861000000,24000000.0,25089000000.0,1384000000.0,1226000000.0,3977000000.0,14383000000.0
9,AAPL,2023-09-30,379352000000,239069000000,24932000000.0,29915000000.0,8500000000.0,3933000000.0,145308000000.0,16741000000,96995000000,15550061000.0,29965000000.0,61555000000.0,110543000000,290437000000,6331000000.0,60985000000.0,43715000000.0,10959000000.0,100544000000.0,62146000000,105100000000.0,-214000000.0,15025000000.0,77550000000.0,0.0,9822000000.0
10,AAPL,2022-09-30,391397000000,248640000000,25094000000.0,26251000000.0,8700000000.0,2931000000.0,153982000000.0,19300000000,99803000000,15943425000.0,23646000000.0,48304000000.0,122151000000,302083000000,4946000000.0,60932000000.0,42117000000.0,10708000000.0,120805000000.0,50672000000,110087000000.0,-3068000000.0,14841000000.0,89402000000.0,0.0,11128000000.0
11,AAPL,2021-09-30,363172000000,234954000000,21973000000.0,21914000000.0,9500000000.0,2645000000.0,125481000000.0,14527000000,94680000000,16426786000.0,34940000000.0,62639000000.0,104038000000,287912000000,6580000000.0,51506000000.0,39440000000.0,11085000000.0,127877000000.0,63090000000,118700000000.0,5562000000.0,14467000000.0,85971000000.0,0.0,9613000000.0
12,AAPL,2020-09-30,271642000000,189475000000,19916000000.0,18752000000.0,9700000000.0,2873000000.0,105392000000.0,9680000000,57411000000,16976763000.0,38016000000.0,90943000000.0,80674000000,258549000000,4061000000.0,37445000000.0,36766000000.0,7309000000.0,100887000000.0,65339000000,125873000000.0,14966000000.0,14081000000.0,72358000000.0,0.0,8773000000.0
13,AAPL,2019-09-30,256598000000,180027000000,18245000000.0,16217000000.0,11300000000.0,3576000000.0,105718000000.0,10481000000,55256000000,4443236000.0,48844000000.0,100557000000.0,69391000000,248028000000,4106000000.0,45804000000.0,37378000000.0,10495000000.0,105341000000.0,90488000000,117760000000.0,45898000000.0,14119000000.0,66897000000.0,0.0,10260000000.0
14,AAPL,2018-09-30,265595000000,163756000000,16705000000.0,14236000000.0,9300000000.0,3240000000.0,115929000000.0,13372000000,59531000000,4754986000.0,25913000000.0,25913000000.0,77434000000,258578000000,3956000000.0,48995000000.0,41304000000.0,13313000000.0,170799000000.0,107147000000,111984000000.0,70400000000.0,13712000000.0,72738000000.0,0.0,8784000000.0
15,AAPL,2017-09-30,229234000000,141048000000,15261000000.0,11581000000.0,8200000000.0,2323000000.0,100814000000.0,15738000000,48351000000,5126201000.0,20289000000.0,74181000000.0,64225000000,241272000000,4855000000.0,35673000000.0,33783000000.0,12795000000.0,194714000000.0,134047000000,112596000000.0,98330000000.0,12563000000.0,32900000000.0,0.0,6496000000.0
16,AAPL,2016-09-30,215639000000,131376000000,14194000000.0,10045000000.0,8300000000.0,1456000000.0,79006000000.0,15685000000,45687000000,5336166000.0,20484000000.0,67155000000.0,66231000000,193437000000,2132000000.0,29299000000.0,27010000000.0,13548000000.0,170430000000.0,128249000000,85200000000.0,96364000000.0,11965000000.0,29722000000.0,0.0,3500000000.0
17,AAPL,2015-09-30,232982000000,163618000000,14329000000.0,8067000000.0,0.0,733000000.0,80610000000.0,19121000000,53394000000,5578753000.0,21120000000.0,41601000000.0,81266000000,170990000000,2349000000.0,30343000000.0,22471000000.0,11488000000.0,164065000000.0,119355000000,57400000000.0,92284000000.0,11561000000.0,35253000000.0,0.0,2500000000.0
18,AAPL,2014-09-30,182411000000,131151000000,11993000000.0,6041000000.0,0.0,384000000.0,63448000000.0,13973000000,39510000000,5866161000.0,13844000000.0,25077000000.0,109133000000,120292000000,2111000000.0,27219000000.0,20624000000.0,9571000000.0,130162000000.0,111547000000,28987000000.0,87152000000.0,11126000000.0,45000000000.0,0.0,0.0
19,AAPL,2013-09-30,170774000000,123236000000,10830000000.0,4475000000.0,0.0,136000000.0,43658000000.0,13118000000,37037000000,899213000.0,14259000000.0,40546000000.0,53666000000,83451000000,1764000000.0,13102000000.0,16597000000.0,8165000000.0,106215000000.0,123549000000,16960000000.0,104256000000.0,10564000000.0,22860000000.0,0.0,0.0
20,AAPL,2012-09-30,156508000000,100486000000,10040000000.0,3381000000.0,0.0,0.0,38542000000.0,14030000000,41733000000,939208000.0,10746000000.0,29129000000.0,50856000000,57854000000,791000000.0,10930000000.0,15452000000.0,8295000000.0,92122000000.0,118210000000,0.0,101289000000.0,2488000000.0,0.0,0.0,0.0
21,AAPL,2011-09-30,108249000000,73630000000,7599000000.0,2429000000.0,0.0,0.0,27970000000.0,8283000000,25922000000,929277000.0,9815000000.0,25952000000.0,37529000000,39756000000,776000000.0,5369000000.0,7777000000.0,4260000000.0,55618000000.0,76615000000,0.0,62841000000.0,0.0,0.0,0.0,0.0
22,AAPL,2010-09-30,65225000000,45873000000,5517000000.0,1782000000.0,0.0,155000000.0,20722000000.0,4527000000,14013000000,915970050.0,11261000000.0,25620000000.0,18595000000,27392000000,1051000000.0,5510000000.0,2174000000.0,2005000000.0,25391000000.0,47791000000,0.0,37169000000.0,0.0,0.0,0.0,0.0
23,AAPL,2009-09-30,42905000000,29832000000,4149000000.0,1333000000.0,0.0,326000000.0,11506000000.0,3831000000,8235000000,899805500.0,5263000000.0,23464000000.0,10159000000,15861000000,455000000.0,3361000000.0,1780000000.0,1144000000.0,10528000000.0,31640000000,0.0,23353000000.0,0.0,0.0,0.0,0.0
24,MSFT,2023-06-30,209747000000,100049000000,30334000000.0,27195000000.0,11000000000.0,1968000000.0,104149000000.0,16950000000,72361000000,7432000000.0,34704000000.0,111262000000.0,87582000000,205753000000,2500000000.0,48688000000.0,95641000000.0,28107000000.0,9879000000.0,206223000000,47237000000.0,118848000000.0,19800000000.0,22245000000.0,0.0,5247000000.0
25,MSFT,2022-06-30,196109000000,93355000000,27725000000.0,24512000000.0,12600000000.0,2063000000.0,95082000000.0,10978000000,72738000000,7464000000.0,13931000000.0,104757000000.0,89035000000,198298000000,3742000000.0,45261000000.0,74398000000.0,23886000000.0,6891000000.0,166542000000,49781000000.0,84281000000.0,18135000000.0,32696000000.0,0.0,2749000000.0
26,MSFT,2021-06-30,165936000000,79977000000,25224000000.0,20716000000.0,9300000000.0,2346000000.0,88657000000.0,9831000000,61271000000,7519000000.0,14224000000.0,130334000000.0,76740000000,191791000000,2636000000.0,39008000000.0,59715000000.0,20622000000.0,5984000000.0,141988000000,58146000000.0,57055000000.0,16521000000.0,27385000000.0,0.0,8072000000.0
27,MSFT,2020-06-30,140503000000,73159000000,24709000000.0,19269000000.0,10700000000.0,2591000000.0,72310000000.0,8755000000,44281000000,7571000000.0,13576000000.0,136527000000.0,60675000000,183007000000,1895000000.0,32011000000.0,44151000000.0,15441000000.0,2965000000.0,118304000000,63327000000.0,34566000000.0,15137000000.0,22968000000.0,0.0,3749000000.0
28,MSFT,2019-06-30,123495000000,67908000000,23098000000.0,16876000000.0,9700000000.0,2686000000.0,69420000000.0,4448000000,39240000000,7643000000.0,11356000000.0,133819000000.0,52185000000,184226000000,2063000000.0,29524000000.0,36477000000.0,13925000000.0,2649000000.0,102330000000,72178000000.0,24150000000.0,13811000000.0,19543000000.0,0.0,5516000000.0
29,MSFT,2018-06-30,107222000000,62776000000,22223000000.0,14726000000.0,7700000000.0,2733000000.0,58488000000.0,19903000000,16571000000,7677000000.0,11946000000.0,133768000000.0,43884000000,176130000000,2662000000.0,26481000000.0,29460000000.0,11632000000.0,1862000000.0,82718000000,76200000000.0,13682000000.0,12699000000.0,10721000000.0,0.0,3998000000.0
30,MSFT,2017-06-30,96571000000,34261000000,20020000000.0,13037000000.0,6100000000.0,2222000000.0,55745000000.0,4412000000,25489000000,7708000000.0,7663000000.0,132981000000.0,39507000000,162601000000,2181000000.0,19792000000.0,23734000000.0,8129000000.0,6023000000.0,87711000000,77100000000.0,17769000000.0,11845000000.0,11788000000.0,0.0,1049000000.0
31,MSFT,2016-06-30,91154000000,32780000000,19260000000.0,11988000000.0,4900000000.0,1243000000.0,59357000000.0,5100000000,20539000000,7808000000.0,6510000000.0,113240000000.0,33325000000,121471000000,2251000000.0,18277000000.0,18356000000.0,8343000000.0,10431000000.0,83090000000,40600000000.0,2282000000.0,11006000000.0,15969000000.0,0.0,0.0
32,MSFT,2015-06-30,93580000000,33038000000,20324000000.0,12046000000.0,4100000000.0,781000000.0,49647000000.0,6314000000,12193000000,8027000000.0,5595000000.0,96526000000.0,46203000000,94389000000,2902000000.0,17908000000.0,14731000000.0,5944000000.0,12053000000.0,80083000000,30300000000.0,9096000000.0,9882000000.0,14443000000.0,0.0,2499000000.0
33,MSFT,2014-06-30,86833000000,27078000000,20632000000.0,11381000000.0,3400000000.0,597000000.0,45625000000.0,5746000000,22074000000,8239000000.0,8669000000.0,85709000000.0,32231000000,82600000000,2660000000.0,19544000000.0,13011000000.0,5485000000.0,14597000000.0,89784000000,20600000000.0,17710000000.0,8879000000.0,7316000000.0,0.0,0.0
34,MSFT,2013-06-30,77849000000,20385000000,20425000000.0,10411000000.0,2600000000.0,429000000.0,37417000000.0,5189000000,21863000000,8328000000.0,3804000000.0,77022000000.0,28833000000,63487000000,1938000000.0,17486000000.0,9991000000.0,4257000000.0,10844000000.0,78944000000,15600000000.0,9895000000.0,7455000000.0,5360000000.0,0.0,2999000000.0
35,MSFT,2012-06-30,73723000000,17530000000,18426000000.0,9811000000.0,2200000000.0,380000000.0,32688000000.0,5289000000,16978000000,8381000000.0,6938000000.0,63040000000.0,31626000000,54908000000,1137000000.0,15780000000.0,8269000000.0,2305000000.0,9776000000.0,66363000000,11900000000.0,566000000.0,6385000000.0,5029000000.0,0.0,1231000000.0
36,MSFT,2011-06-30,69943000000,15577000000,18162000000.0,9043000000.0,2000000000.0,295000000.0,28774000000.0,4921000000,23150000000,8376000000.0,9610000000.0,52772000000.0,26994000000,51621000000,1372000000.0,14987000000.0,8162000000.0,2355000000.0,10865000000.0,57083000000,11900000000.0,-6332000000.0,5180000000.0,11555000000.0,0.0,0.0
37,MSFT,2010-06-30,62484000000,12395000000,17218000000.0,8714000000.0,1800000000.0,151000000.0,26147000000.0,6253000000,18760000000,8668000000.0,5505000000.0,36788000000.0,24073000000,39938000000,740000000.0,13014000000.0,7630000000.0,1977000000.0,7754000000.0,46175000000,4900000000.0,-16681000000.0,4578000000.0,11269000000.0,0.0,0.0
38,V,2023-09-30,31986000000,9445000000,2671000000.0,0.0,0.0,-644000000.0,23098000000.0,3764000000,17273000000,1849000000.0,16286000000.0,16286000000.0,20755000000,51766000000,4769000000.0,2497000000.0,3425000000.0,1059000000.0,1921000000.0,38733000000,41713000000.0,18040000000.0,3751000000.0,12101000000.0,0.0,0.0
39,V,2022-09-30,28991000000,8381000000,2530000000.0,0.0,0.0,538000000.0,20853000000.0,3179000000,14957000000,1890000000.0,15689000000.0,15689000000.0,18849000000,49920000000,6459000000.0,2210000000.0,3223000000.0,970000000.0,2136000000.0,35581000000,45717000000.0,16116000000.0,3203000000.0,11589000000.0,0.0,2250000000.0
40,V,2021-09-30,23774000000,7165000000,2121000000.0,0.0,0.0,513000000.0,15739000000.0,3752000000,12311000000,1932000000.0,16487000000.0,16487000000.0,15227000000,45307000000,4010000000.0,2051000000.0,2715000000.0,705000000.0,1705000000.0,37589000000,20977000000.0,15351000000.0,2798000000.0,8676000000.0,0.0,999000000.0
41,V,2020-09-30,21846000000,6619000000,2067000000.0,0.0,0.0,516000000.0,14510000000.0,2924000000,10866000000,1939000000.0,16289000000.0,20935000000.0,10440000000,44709000000,3508000000.0,1711000000.0,2737000000.0,736000000.0,231000000.0,36210000000,24070000000.0,14088000000.0,2664000000.0,8114000000.0,0.0,2999000000.0
42,V,2019-09-30,22977000000,6401000000,2301000000.0,0.0,0.0,533000000.0,13415000000.0,2804000000,12080000000,1974000000.0,7838000000.0,12666000000.0,12784000000,37890000000,3565000000.0,1672000000.0,2695000000.0,756000000.0,2157000000.0,34684000000,16729000000.0,13502000000.0,2269000000.0,8607000000.0,0.0,0.0
43,V,2018-09-30,20609000000,5916000000,2133000000.0,0.0,0.0,612000000.0,11305000000.0,2505000000,10301000000,2025000000.0,8162000000.0,8162000000.0,12941000000,35219000000,3377000000.0,1290000000.0,2472000000.0,718000000.0,4082000000.0,34006000000,16630000000.0,11318000000.0,1918000000.0,7192000000.0,0.0,0.0
44,V,2017-09-30,18358000000,2538000000,1982000000.0,0.0,0.0,563000000.0,9994000000.0,4995000000,6699000000,2076000000.0,9874000000.0,13438000000.0,9317000000,35217000000,2687000000.0,1280000000.0,2253000000.0,707000000.0,1926000000.0,32760000000,16618000000.0,9508000000.0,1579000000.0,6891000000.0,0.0,1749000000.0
45,V,2016-09-30,15082000000,2167000000,1665000000.0,0.0,0.0,427000000.0,8046000000.0,2021000000,5991000000,2133000000.0,5619000000.0,8938000000.0,5574000000,31123000000,2351000000.0,1273000000.0,2150000000.0,523000000.0,3931000000.0,32912000000,15882000000.0,10462000000.0,1350000000.0,7157000000.0,170000000.0,0.0
46,V,2015-09-30,13880000000,1913000000,1419000000.0,0.0,0.0,0.0,5355000000.0,2667000000,6328000000,2215000000.0,3518000000.0,6015000000.0,6584000000,9525000000,3242000000.0,924000000.0,1888000000.0,414000000.0,3384000000.0,29842000000,0.0,11843000000.0,1177000000.0,2910000000.0,0.0,780000000.0
47,V,2014-09-30,12702000000,1842000000,1407000000.0,0.0,0.0,0.0,6006000000.0,2286000000,5438000000,762000000.0,1971000000.0,3950000000.0,7205000000,11156000000,3703000000.0,913000000.0,1892000000.0,553000000.0,3015000000.0,27413000000,0.0,9131000000.0,1006000000.0,4118000000.0,0.0,1332000000.0
48,V,2013-09-30,11778000000,2136000000,1327000000.0,0.0,0.0,0.0,4335000000.0,2277000000,4980000000,780000000.0,2186000000.0,4304000000.0,3022000000,9086000000,1583000000.0,761000000.0,1732000000.0,471000000.0,2760000000.0,26870000000,0.0,7974000000.0,864000000.0,5365000000.0,0.0,0.0
49,V,2012-09-30,10421000000,2042000000,1324000000.0,0.0,0.0,-29000000.0,7954000000.0,65000000,2144000000,811000000.0,2074000000.0,7249000000.0,5009000000,12383000000,6581000000.0,723000000.0,1634000000.0,376000000.0,3283000000.0,27630000000,0.0,7809000000.0,595000000.0,710000000.0,0.0,0.0
50,V,2011-09-30,9188000000,1909000000,1284000000.0,0.0,0.0,32000000.0,3451000000.0,2010000000,3650000000,812000000.0,2127000000.0,6255000000.0,3872000000,8323000000,3611000000.0,560000000.0,1541000000.0,353000000.0,811000000.0,26437000000,0.0,6706000000.0,423000000.0,2024000000.0,-26437000000.0,0.0
51,V,2010-09-30,8065000000,1877000000,1323000000.0,0.0,0.0,72000000.0,3498000000.0,1674000000,2966000000,932000000.0,3867000000.0,5917000000.0,2691000000,8394000000,2731000000.0,476000000.0,1357000000.0,241000000.0,138000000.0,25011000000,44000000.0,4368000000.0,368000000.0,1000000000.0,-25014000000.0,12000000.0
52,V,2009-09-30,6911000000,1846000000,1256000000.0,0.0,0.0,115000000.0,4442000000.0,1648000000,2353000000,846000000.0,4617000000.0,6097000000.0,558000000,9088000000,2434000000.0,444000000.0,1204000000.0,306000000.0,168000000.0,23189000000,56000000.0,2219000000.0,318000000.0,2646000000.0,2000000.0,12000000.0
53,UNH,2023-12-31,371622000000,97370000000,54628000000.0,0.0,1100000000.0,3246000000.0,99054000000.0,5968000000,22381000000,924000000.0,25427000000.0,29628000000.0,29068000000,174801000000,2800000000.0,38970000000.0,11450000000.0,3386000000.0,47609000000.0,98919000000,63623000000.0,95774000000.0,6761000000.0,8000000000.0,0.0,4274000000.0
54,UNH,2022-12-31,324162000000,84885000000,47782000000.0,0.0,1100000000.0,2092000000.0,89237000000.0,5704000000,20120000000,934000000.0,23365000000.0,27911000000.0,26206000000,159358000000,3500000000.0,30450000000.0,10128000000.0,2802000000.0,43728000000.0,86347000000,58774000000.0,86156000000.0,5991000000.0,7000000000.0,0.0,3110000000.0
55,UNH,2021-12-31,287597000000,76716000000,42579000000.0,0.0,1000000000.0,1660000000.0,78292000000.0,4578000000,17285000000,941000000.0,21375000000.0,23907000000.0,22343000000,135727000000,2900000000.0,28082000000.0,8969000000.0,2454000000.0,43114000000.0,76479000000,46488000000.0,77134000000.0,5280000000.0,5000000000.0,0.0,3620000000.0
56,UNH,2020-12-31,257141000000,75340000000,41704000000.0,0.0,1000000000.0,1663000000.0,72420000000.0,4973000000,15403000000,946000000.0,16921000000.0,19781000000.0,22174000000,126750000000,0.0,25404000000.0,8626000000.0,2051000000.0,41242000000.0,70539000000,56120000000.0,69295000000.0,4584000000.0,4250000000.0,0.0,4819000000.0
57,UNH,2019-12-31,242155000000,66030000000,35193000000.0,0.0,995000000.0,1704000000.0,61782000000.0,3742000000,13839000000,948000000.0,10985000000.0,14245000000.0,18463000000,111727000000,0.0,21462000000.0,8704000000.0,2071000000.0,37209000000.0,62162000000,48104000000.0,61178000000.0,3932000000.0,5500000000.0,0.0,3870000000.0
58,UNH,2018-12-31,226247000000,63500000000,34074000000.0,0.0,924000000.0,1400000000.0,53209000000.0,3562000000,11986000000,960000000.0,10866000000.0,14324000000.0,15713000000,95994000000,0.0,18250000000.0,8458000000.0,2063000000.0,32510000000.0,56227000000,38564000000.0,55846000000.0,3320000000.0,4500000000.0,0.0,1973000000.0
59,UNH,2017-12-31,201159000000,55914000000,29557000000.0,0.0,799000000.0,1186000000.0,50463000000.0,3200000000,10558000000,969000000.0,11981000000.0,15490000000.0,13596000000,87036000000,0.0,15830000000.0,7013000000.0,2023000000.0,28341000000.0,52022000000,36886000000.0,48730000000.0,2773000000.0,1500000000.0,0.0,2857000000.0
60,UNH,2016-12-31,184840000000,54872000000,28401000000.0,0.0,698000000.0,1067000000.0,49252000000.0,4790000000,7017000000,952000000.0,10430000000.0,13275000000.0,9795000000,82621000000,0.0,15651000000.0,5901000000.0,1705000000.0,23868000000.0,40189000000,41921000000.0,40945000000.0,2261000000.0,1280000000.0,0.0,7193000000.0
61,UNH,2015-12-31,157107000000,42211000000,24312000000.0,0.0,613000000.0,790000000.0,42898000000.0,4363000000,5813000000,953000000.0,10923000000.0,12911000000.0,9740000000,75793000000,0.0,13324000000.0,4861000000.0,1556000000.0,18792000000.0,35461000000,39912000000.0,37125000000.0,1786000000.0,1200000000.0,0.0,6634000000.0
62,UNH,2014-12-31,130474000000,26943000000,21263000000.0,0.0,532000000.0,618000000.0,30623000000.0,4037000000,5619000000,954000000.0,7495000000.0,9236000000.0,8051000000,52540000000,0.0,9750000000.0,4418000000.0,1525000000.0,18827000000.0,32454000000,20433000000.0,33836000000.0,1362000000.0,4008000000.0,0.0,1399000000.0
63,UNH,2013-12-31,122489000000,202156000000,18941000000.0,0.0,445000000.0,708000000.0,27881000000.0,3242000000,5625000000,988000000.0,7276000000.0,9213000000.0,6991000000,48558000000,0.0,3052000000.0,4010000000.0,1307000000.0,19605000000.0,32149000000,19565000000.0,33047000000.0,1056000000.0,3170000000.0,0.0,1969000000.0
64,UNH,2012-12-31,110618000000,181596000000,17306000000.0,0.0,449000000.0,632000000.0,27116000000.0,3096000000,5526000000,1019000000.0,8406000000.0,11437000000.0,7155000000,47586000000,0.0,2709000000.0,3939000000.0,1070000000.0,17711000000.0,31178000000,21334000000.0,30664000000.0,820000000.0,3084000000.0,0.0,2713000000.0
65,UNH,2011-12-31,101862000000,167742000000,15557000000.0,0.0,386000000.0,505000000.0,23922000000.0,2817000000,5142000000,1039000000.0,9429000000.0,12006000000.0,6968000000,39597000000,-12006000000.0,2294000000.0,2515000000.0,1067000000.0,16166000000.0,28292000000,14131000000.0,27821000000.0,651000000.0,2994000000.0,0.0,982000000.0
66,UNH,2010-12-31,94155000000,155304000000,14270000000.0,0.0,398000000.0,481000000.0,23700000000.0,2749000000,4634000000,1086000000.0,9123000000.0,11195000000.0,6273000000,37238000000,-11195000000.0,2061000000.0,2200000000.0,878000000.0,14707000000.0,25825000000,22284000000.0,25562000000.0,449000000.0,2517000000.0,0.0,2480000000.0
67,UNH,2009-12-31,87138000000,146068000000,12734000000.0,0.0,436000000.0,551000000.0,22163000000.0,1986000000,3822000000,1147000000.0,9800000000.0,11039000000.0,5625000000,35439000000,-11039000000.0,1954000000.0,946000000.0,739000000.0,13311000000.0,23606000000,9009000000.0,23342000000.0,36000000.0,1801000000.0,0.0,2164000000.0
68,JNJ,2023-12-31,84021000000,54349000000,21512000000.0,483000000.0,0.0,772000000.0,46282000000.0,1736000000,35153000000,2407200000.0,21859000000.0,27400000000.0,22791000000,98784000000,11181000000.0,14873000000.0,19898000000.0,4543000000.0,0.0,68774000000,27350000000.0,153843000000.0,11770000000.0,5054000000.0,75662000000.0,1469000000.0
69,JNJ,2022-12-31,79428000000,50533000000,20246000000.0,0.0,0.0,276000000.0,55802000000.0,2989000000,17941000000,2614100000.0,12889000000.0,24095000000.0,21194000000,110574000000,10268000000.0,16160000000.0,17982000000.0,4009000000.0,0.0,76804000000,28437000000.0,128345000000.0,11682000000.0,6035000000.0,41694000000.0,1551000000.0
70,JNJ,2021-12-31,93356000000,60455000000,24659000000.0,15614000000.0,0.0,183000000.0,45226000000.0,1898000000,20878000000,2631800000.0,14487000000.0,33492000000.0,23410000000,107995000000,10387000000.0,15283000000.0,18962000000.0,3652000000.0,0.0,74023000000,32116000000.0,123060000000.0,11032000000.0,3456000000.0,39099000000.0,2131000000.0
71,JNJ,2020-12-31,82174000000,55691000000,22084000000.0,12340000000.0,0.0,201000000.0,42493000000.0,1783000000,14714000000,2632200000.0,13985000000.0,26666000000.0,23536000000,111616000000,9344000000.0,13576000000.0,18766000000.0,3347000000.0,0.0,63278000000,34434000000.0,113890000000.0,10481000000.0,3221000000.0,38490000000.0,1799000000.0
72,JNJ,2019-12-31,81474000000,55596000000,22178000000.0,12245000000.0,0.0,318000000.0,35964000000.0,2209000000,15119000000,2631900000.0,17305000000.0,20435000000.0,23416000000,98257000000,9020000000.0,14481000000.0,17658000000.0,3498000000.0,1149000000.0,59471000000,27594000000.0,110659000000.0,9917000000.0,6746000000.0,38417000000.0,1100000000.0
73,JNJ,2018-12-31,80311000000,56630000000,22540000000.0,11901000000.0,0.0,1005000000.0,31230000000.0,2702000000,15297000000,2678200000.0,18107000000.0,19687000000.0,22201000000,93202000000,8599000000.0,14098000000.0,17035000000.0,3670000000.0,517000000.0,59752000000,30320000000.0,106216000000.0,9494000000.0,5868000000.0,34362000000.0,2636000000.0
74,JNJ,2017-12-31,75300000000,51920000000,21520000000.0,10962000000.0,0.0,934000000.0,30537000000.0,16373000000,1300000000,2684800000.0,17824000000.0,18296000000.0,21056000000,97143000000,8765000000.0,13490000000.0,17005000000.0,3279000000.0,758000000.0,60160000000,32174000000.0,101793000000.0,8943000000.0,6358000000.0,31554000000.0,1500000000.0
75,JNJ,2016-12-31,70875000000,44578000000,20067000000.0,9124000000.0,0.0,726000000.0,26287000000.0,3263000000,16540000000,2714500000.0,18972000000.0,41907000000.0,18767000000,70790000000,8144000000.0,11699000000.0,15912000000.0,3226000000.0,900000000.0,70418000000,24146000000.0,110551000000.0,8621000000.0,8979000000.0,28352000000.0,1700000000.0
76,JNJ,2015-12-31,69418000000,46068000000,21203000000.0,9270000000.0,0.0,552000000.0,27747000000.0,3787000000,15409000000,2762800000.0,13732000000.0,38376000000.0,19569000000,62261000000,8053000000.0,10734000000.0,15905000000.0,3463000000.0,1514000000.0,71150000000,14961000000.0,103879000000.0,8173000000.0,5290000000.0,22684000000.0,2104000000.0
77,JNJ,2014-12-31,73642000000,47576000000,21954000000.0,8672000000.0,0.0,533000000.0,25031000000.0,4240000000,16323000000,2794800000.0,14523000000.0,33089000000.0,18710000000,60606000000,8184000000.0,10985000000.0,16126000000.0,3714000000.0,708000000.0,69752000000,15129000000.0,97245000000.0,7768000000.0,7124000000.0,19891000000.0,7000000.0
78,JNJ,2013-12-31,71061000000,47402000000,21830000000.0,8763000000.0,0.0,482000000.0,25675000000.0,1640000000,13831000000,2820000000.0,20927000000.0,29206000000.0,17414000000,58630000000,7878000000.0,11713000000.0,16710000000.0,3595000000.0,0.0,74053000000,15097000000.0,89493000000.0,7286000000.0,3538000000.0,15700000000.0,1769000000.0
79,JNJ,2012-12-31,66634000000,46855000000,20869000000.0,8828000000.0,0.0,532000000.0,24262000000.0,3261000000,10853000000,2771900000.0,14911000000.0,21089000000.0,15396000000,56521000000,7495000000.0,11309000000.0,16097000000.0,2934000000.0,0.0,64826000000,13001000000.0,85992000000.0,6614000000.0,12919000000.0,18476000000.0,1512000000.0
80,JNJ,2012-12-31,66634000000,46855000000,20869000000.0,8828000000.0,0.0,532000000.0,22811000000.0,3261000000,10853000000,2728500000.0,24542000000.0,32261000000.0,15396000000,56564000000,6285000000.0,10581000000.0,14739000000.0,2934000000.0,0.0,57080000000,12969000000.0,81251000000.0,6614000000.0,12919000000.0,21659000000.0,42000000.0
81,JNJ,2012-12-31,64449000000,43932000000,20969000000.0,7548000000.0,0.0,571000000.0,24262000000.0,2689000000,9672000000,2771900000.0,14911000000.0,21089000000.0,14298000000,56521000000,7495000000.0,11309000000.0,16097000000.0,2893000000.0,0.0,64826000000,13001000000.0,85992000000.0,6614000000.0,2525000000.0,18476000000.0,1512000000.0
82,JNJ,2012-12-31,64449000000,43932000000,20969000000.0,7548000000.0,0.0,571000000.0,22811000000.0,2689000000,9672000000,2728500000.0,24542000000.0,32261000000.0,14298000000,56564000000,6285000000.0,10581000000.0,14739000000.0,2893000000.0,0.0,57080000000,12969000000.0,81251000000.0,6614000000.0,2525000000.0,21659000000.0,42000000.0
83,JNJ,2011-12-31,61002000000,39161000000,19424000000.0,6844000000.0,0.0,455000000.0,23072000000.0,3613000000,13334000000,2743000000.0,19355000000.0,27658000000.0,16385000000,46329000000,5378000000.0,9774000000.0,14553000000.0,2384000000.0,0.0,56579000000,9169000000.0,77773000000.0,6156000000.0,2797000000.0,20783000000.0,13000000.0
84,JNJ,2010-12-31,61236000000,40285000000,19801000000.0,6986000000.0,0.0,451000000.0,21731000000.0,3489000000,12266000000,2758000000.0,15810000000.0,19425000000.0,16571000000,44094000000,5180000000.0,9646000000.0,14759000000.0,2365000000.0,0.0,50588000000,8257000000.0,70306000000.0,5804000000.0,2130000000.0,19780000000.0,34000000.0
85,JPM,2023-12-31,158104000000,96492000000,18427000000.0,0.0,0.0,81321000000.0,53244000000.0,12060000000,49552000000,2876600000.0,604551000000.0,624151000000.0,12974000000,3547515000000,-1856346000000.0,0.0,10663000000.0,1291000000.0,973946000000.0,327878000000,391672000000.0,332901000000.0,13463000000.0,9824000000.0,116217000000.0,44712000000.0
86,JPM,2022-12-31,128695000000,82529000000,17965000000.0,0.0,0.0,26097000000.0,53560000000.0,8490000000,37676000000,2934200000.0,540434000000.0,567234000000.0,107119000000,3373411000000,-1647386000000.0,0.0,27734000000.0,0.0,1014081000000.0,292332000000,295899000000.0,296456000000.0,13562000000.0,3162000000.0,107336000000.0,44027000000.0
87,JPM,2021-12-31,121649000000,62087000000,17493000000.0,0.0,0.0,5553000000.0,61942000000.0,11228000000,48334000000,2944100000.0,721134000000.0,740834000000.0,78084000000,3449440000000,-1744961000000.0,0.0,27070000000.0,0.0,1048726000000.0,294127000000,301001000000.0,272268000000.0,12858000000.0,18408000000.0,105415000000.0,53594000000.0
88,JPM,2020-12-31,119951000000,84136000000,17263000000.0,0.0,0.0,9960000000.0,53509000000.0,6684000000,29131000000,3049400000.0,503209000000.0,527609000000.0,-79910000000,3105403000000,-1578413000000.0,0.0,27109000000.0,0.0,388178000000.0,279354000000,281683000000.0,236990000000.0,12690000000.0,6517000000.0,88184000000.0,45208000000.0
89,JPM,2019-12-31,115720000000,71082000000,17722000000.0,0.0,0.0,26795000000.0,50609000000.0,8435000000,36431000000,3084000000.0,217131000000.0,263631000000.0,4092000000,2426049000000,-1136854000000.0,0.0,25813000000.0,0.0,809342000000.0,261330000000,291483000000.0,223211000000.0,12343000000.0,24001000000.0,83049000000.0,40920000000.0
90,JPM,2018-12-31,108783000000,68265000000,17686000000.0,0.0,0.0,21041000000.0,82016000000.0,8290000000,32474000000,3275800000.0,278793000000.0,278793000000.0,15614000000,2366017000000,226000000.0,0.0,14934000000.0,0.0,675542000000.0,256515000000,282046000000.0,199202000000.0,10109000000.0,19983000000.0,60494000000.0,69276000000.0
91,JPM,2017-12-31,100705000000,63724000000,46905000000.0,0.0,0.0,13874000000.0,75116000000.0,11459000000,24441000000,3425300000.0,431304000000.0,430121000000.0,-10827000000,2277907000000,265000000.0,0.0,14159000000.0,0.0,575279000000.0,255693000000,284099000000.0,177676000000.0,8993000000.0,15410000000.0,42595000000.0,24186000000.0
92,JPM,2016-12-31,96569000000,61132000000,44662000000.0,0.0,0.0,9818000000.0,186076000000.0,9803000000,24733000000,3561200000.0,391154000000.0,389635000000.0,21884000000,2236782000000,349000000.0,0.0,14131000000.0,0.0,661189000000.0,254190000000,297590000000.0,162440000000.0,8476000000.0,9082000000.0,28854000000.0,11738000000.0
93,JPM,2015-12-31,93543000000,62841000000,44023000000.0,0.0,0.0,7463000000.0,170453000000.0,6260000000,24442000000,3663500000.0,361683000000.0,360505000000.0,73466000000,2104125000000,325000000.0,0.0,14362000000.0,0.0,823744000000.0,247573000000,292502000000.0,146420000000.0,7873000000.0,5616000000.0,21691000000.0,577065000000.0
94,JPM,2014-12-31,95112000000,64413000000,44295000000.0,0.0,0.0,7897000000.0,266372000000.0,8954000000,21745000000,3714800000.0,512308000000.0,512308000000.0,36593000000,2340547000000,7776000000.0,0.0,15133000000.0,169212000000.0,743151000000.0,231727000000,282342000000.0,129977000000.0,6990000000.0,0.0,17856000000.0,692582000000.0
95,JPM,2013-12-31,97367000000,70467000000,38735000000.0,0.0,0.0,9350000000.0,271976000000.0,8789000000,17886000000,3756100000.0,355822000000.0,355822000000.0,107953000000,2204511000000,12981000000.0,0.0,14891000000.0,158325000000.0,722154000000.0,211178000000,267889000000.0,115756000000.0,6056000000.0,0.0,14847000000.0,0.0
96,JPM,2012-12-31,97031000000,64729000000,38386000000.0,0.0,0.0,11043000000.0,321145000000.0,7633000000,21284000000,3804000000.0,175537000000.0,175537000000.0,25079000000,2155072000000,5181000000.0,0.0,14519000000.0,121477000000.0,711860000000.0,204069000000,249024000000.0,104223000000.0,5194000000.0,0.0,12002000000.0,0.0
97,JPM,2011-12-31,97234000000,70523000000,32180000000.0,0.0,0.0,13604000000.0,263634000000.0,7773000000,18976000000,3772700000.0,144881000000.0,144881000000.0,95932000000,2082219000000,3651000000.0,0.0,14041000000.0,123969000000.0,696111000000.0,183573000000,256775000000.0,88315000000.0,3895000000.0,0.0,13155000000.0,0.0
98,JPM,2010-12-31,102694000000,78018000000,30570000000.0,0.0,0.0,12781000000.0,308677000000.0,7489000000,17370000000,3910300000.0,49240000000.0,49240000000.0,-3752000000,1941499000000,7135000000.0,0.0,13355000000.0,27166000000.0,660661000000.0,176106000000,270653000000.0,73998000000.0,1486000000.0,2999000000.0,8160000000.0,0.0
99,JPM,2009-12-31,100434000000,52352000000,28705000000.0,0.0,0.0,15198000000.0,41794000000.0,4415000000,11728000000,3942000000.0,89436000000.0,89436000000.0,122797000000,1958828000000,6424000000.0,0.0,11118000000.0,163596000000.0,601856000000.0,160845000000,266318000000.0,62481000000.0,3422000000.0,0.0,7196000000.0,0.0
100,WMT,2024-01-31,648125000000,490142000000,130971000000.0,0.0,0.0,2585000000.0,92415000000.0,5578000000,15511000000,24229000000.0,9867000000.0,18316000000.0,35726000000,168538000000,54892000000.0,8796000000.0,110810000000.0,20606000000.0,0.0,83861000000,39579000000.0,89814000000.0,6140000000.0,2779000000.0,0.0,3447000000.0
101,WMT,2023-01-31,611289000000,463721000000,127140000000.0,0.0,0.0,2043000000.0,92198000000.0,5724000000,11680000000,2697000000.0,8625000000.0,19794000000.0,28841000000,166504000000,56576000000.0,7933000000.0,100760000000.0,16857000000.0,0.0,76693000000,38840000000.0,83135000000.0,6114000000.0,9920000000.0,0.0,4191000000.0
102,WMT,2022-01-31,572754000000,429000000000,117812000000.0,0.0,0.0,1906000000.0,87379000000.0,4756000000,13673000000,2771000000.0,14760000000.0,27648000000.0,24181000000,161607000000,56511000000.0,8280000000.0,94515000000.0,13106000000.0,0.0,83253000000,37667000000.0,86904000000.0,6152000000.0,9787000000.0,0.0,2803000000.0
103,WMT,2021-01-31,559151000000,420315000000,116288000000.0,0.0,0.0,2274000000.0,92645000000.0,6858000000,13510000000,2828000000.0,17741000000.0,32163000000.0,36074000000,171571000000,44949000000.0,6516000000.0,92201000000.0,10264000000.0,0.0,80925000000,44309000000.0,88763000000.0,6116000000.0,2625000000.0,0.0,3115000000.0
104,WMT,2020-01-31,523964000000,394605000000,108791000000.0,0.0,0.0,2568000000.0,77790000000.0,4915000000,14881000000,2835000000.0,9465000000.0,9465000000.0,25255000000,161826000000,44435000000.0,6284000000.0,105208000000.0,10705000000.0,5990000000.0,74669000000,49076000000.0,83943000000.0,6048000000.0,5717000000.0,0.0,5362000000.0
105,WMT,2019-01-31,514405000000,385301000000,107147000000.0,0.0,0.0,2346000000.0,77477000000.0,4281000000,6670000000,2896000000.0,7722000000.0,7722000000.0,27753000000,146799000000,44269000000.0,6283000000.0,104317000000.0,10344000000.0,3995000000.0,72496000000,45396000000.0,80785000000.0,6102000000.0,7410000000.0,0.0,1876000000.0
106,WMT,2018-01-31,500343000000,373396000000,106510000000.0,0.0,0.0,2330000000.0,78521000000.0,4600000000,9862000000,2956000000.0,6756000000.0,6756000000.0,28337000000,126653000000,43783000000.0,5614000000.0,107675000000.0,10051000000.0,7614000000.0,77869000000,33783000000.0,85107000000.0,6124000000.0,8296000000.0,0.0,3738000000.0
107,WMT,2017-01-31,485873000000,361256000000,101853000000.0,0.0,0.0,2367000000.0,66928000000.0,6204000000,13643000000,3062000000.0,6867000000.0,6867000000.0,31673000000,121027000000,43046000000.0,5835000000.0,107710000000.0,10619000000.0,479000000.0,77798000000,38271000000.0,89354000000.0,6216000000.0,8298000000.0,0.0,2256000000.0
108,WMT,2016-01-31,482130000000,360984000000,97041000000.0,0.0,0.0,2548000000.0,64619000000.0,6558000000,14694000000,3165000000.0,8705000000.0,8705000000.0,27552000000,119035000000,44469000000.0,5624000000.0,110171000000.0,11477000000.0,621000000.0,80546000000,40959000000.0,90021000000.0,6294000000.0,4112000000.0,0.0,2745000000.0
109,WMT,2015-01-31,485651000000,365086000000,93418000000.0,0.0,0.0,2461000000.0,65253000000.0,7985000000,16363000000,3227000000.0,9135000000.0,9135000000.0,28564000000,122096000000,45141000000.0,6778000000.0,114280000000.0,12174000000.0,512000000.0,81394000000,45680000000.0,85777000000.0,6185000000.0,1015000000.0,0.0,4791000000.0
110,WMT,2014-01-31,476294000000,358069000000,91353000000.0,0.0,0.0,2335000000.0,69345000000.0,8105000000,16022000000,3239000000.0,7281000000.0,7281000000.0,23257000000,128496000000,44858000000.0,6677000000.0,115364000000.0,13115000000.0,0.0,76255000000,45874000000.0,76566000000.0,6139000000.0,6683000000.0,0.0,4103000000.0
111,WMT,2013-01-31,468651000000,352297000000,88629000000.0,0.0,8400000000.0,2325000000.0,71818000000.0,7958000000,16999000000,3341000000.0,7781000000.0,7781000000.0,25591000000,126762000000,43803000000.0,6768000000.0,113929000000.0,12898000000.0,0.0,76343000000,43981000000.0,72978000000.0,5361000000.0,7600000000.0,0.0,5587000000.0
112,WMT,2012-01-31,446509000000,334993000000,85025000000.0,0.0,8100000000.0,2322000000.0,62300000000.0,7924000000,15699000000,3418000000.0,6550000000.0,6550000000.0,24255000000,122091000000,40714000000.0,5937000000.0,109603000000.0,27020000000.0,0.0,71315000000,46045000000.0,68691000000.0,5048000000.0,6298000000.0,0.0,1975000000.0
113,WMT,2011-01-31,421849000000,314946000000,81361000000.0,0.0,7600000000.0,2205000000.0,58603000000.0,7579000000,16389000000,3516000000.0,7395000000.0,7395000000.0,23643000000,112240000000,36437000000.0,5089000000.0,105098000000.0,12699000000.0,0.0,68542000000,45347000000.0,63967000000.0,4437000000.0,14776000000.0,0.0,4655000000.0
114,WMT,2010-01-31,408085000000,304106000000,79977000000.0,0.0,0.0,2065000000.0,55543000000.0,7156000000,14370000000,3786000000.0,7907000000.0,7907000000.0,26249000000,99939000000,32713000000.0,4144000000.0,99544000000.0,12184000000.0,0.0,70468000000,37281000000.0,66357000000.0,4217000000.0,7276000000.0,-72929000000.0,4050000000.0
115,PG,2023-06-30,82006000000,64528000000,21112000000.0,2000000000.0,0.0,756000000.0,35756000000.0,3615000000,14653000000,2362200000.0,8246000000.0,6800000000.0,16848000000,73764000000,7073000000.0,5471000000.0,21909000000.0,3062000000.0,0.0,47065000000,30851000000.0,118170000000.0,8999000000.0,7353000000.0,129736000000.0,3951000000.0
116,PG,2022-06-30,80187000000,62939000000,20217000000.0,2000000000.0,0.0,439000000.0,33081000000.0,3202000000,14742000000,2399200000.0,7214000000.0,6113000000.0,16723000000,70354000000,6924000000.0,5143000000.0,21195000000.0,3156000000.0,0.0,46854000000,29347000000.0,112429000000.0,8770000000.0,10003000000.0,123382000000.0,3647000000.0
117,PG,2021-06-30,76118000000,58780000000,21024000000.0,1900000000.0,0.0,502000000.0,33132000000.0,3263000000,14306000000,2442100000.0,10288000000.0,9263000000.0,18371000000,72653000000,5983000000.0,4725000000.0,21686000000.0,2787000000.0,0.0,46654000000,32420000000.0,106374000000.0,8263000000.0,11009000000.0,114973000000.0,3620000000.0
118,PG,2020-06-30,70950000000,56386000000,19994000000.0,1800000000.0,0.0,465000000.0,32976000000.0,2731000000,13027000000,2481100000.0,16181000000.0,14600000000.0,17403000000,73822000000,5498000000.0,4178000000.0,20692000000.0,3073000000.0,0.0,46878000000,31508000000.0,100239000000.0,7789000000.0,7405000000.0,105573000000.0,2508000000.0
119,PG,2019-06-30,67684000000,63300000000,19084000000.0,1900000000.0,0.0,509000000.0,30011000000.0,2103000000,3897000000,2509900000.0,4239000000.0,4239000000.0,15242000000,67516000000,5017000000.0,4951000000.0,21271000000.0,3347000000.0,169000000.0,47579000000,28788000000.0,94918000000.0,7498000000.0,5003000000.0,100406000000.0,3388000000.0
120,PG,2018-06-30,66832000000,54493000000,19037000000.0,1900000000.0,0.0,506000000.0,28237000000.0,3465000000,9750000000,2510100000.0,2569000000.0,2569000000.0,14867000000,65427000000,4738000000.0,4686000000.0,20600000000.0,3717000000.0,141000000.0,52883000000,25174000000.0,98641000000.0,7310000000.0,7004000000.0,99217000000.0,1772000000.0
121,PG,2017-06-30,65058000000,52182000000,18654000000.0,1900000000.0,0.0,465000000.0,30210000000.0,3063000000,15326000000,2557900000.0,5569000000.0,5569000000.0,12753000000,64628000000,4624000000.0,4594000000.0,19893000000.0,3384000000.0,132000000.0,55778000000,23072000000.0,96124000000.0,7236000000.0,5204000000.0,93715000000.0,1676000000.0
122,PG,2016-06-30,64761000000,53223000000,18949000000.0,1900000000.0,0.0,579000000.0,30770000000.0,3342000000,10508000000,2668000000.0,8098000000.0,7102000000.0,15435000000,69153000000,4716000000.0,4373000000.0,19385000000.0,3314000000.0,28000000.0,57983000000,27122000000.0,87953000000.0,7436000000.0,4004000000.0,82176000000.0,2760000000.0
123,PG,2015-06-30,76419000000,61922000000,20616000000.0,2000000000.0,0.0,626000000.0,29790000000.0,2725000000,7036000000,2718600000.0,6836000000.0,6845000000.0,14608000000,66445000000,4979000000.0,4861000000.0,19655000000.0,3736000000.0,30000000.0,63050000000,23129000000.0,84807000000.0,7287000000.0,4604000000.0,77226000000.0,2772000000.0
124,PG,2014-06-30,29400000000,69094000000,21461000000.0,1900000000.0,0.0,709000000.0,33726000000.0,2851000000,11643000000,2711700000.0,8548000000.0,8558000000.0,13958000000,74290000000,6759000000.0,6386000000.0,22304000000.0,3848000000.0,0.0,69976000000,26429000000.0,84990000000.0,6911000000.0,6005000000.0,75805000000.0,4307000000.0
125,PG,2013-06-30,29200000000,70603000000,26000000000.0,1900000000.0,0.0,667000000.0,30037000000.0,3226000000,11312000000,2930600000.0,5930000000.0,5947000000.0,14873000000,70554000000,6909000000.0,6508000000.0,21666000000.0,4008000000.0,0.0,68709000000,23617000000.0,80197000000.0,6519000000.0,5986000000.0,71966000000.0,4506000000.0
126,PG,2012-06-30,28400000000,69254000000,25984000000.0,2000000000.0,0.0,769000000.0,24907000000.0,3378000000,10756000000,2941200000.0,4436000000.0,4436000000.0,13284000000,68209000000,6721000000.0,6068000000.0,20377000000.0,3964000000.0,0.0,64035000000,27948000000.0,75349000000.0,6139000000.0,4024000000.0,69604000000.0,4083000000.0
127,PG,2011-06-30,81728000000,67287000000,25750000000.0,2000000000.0,0.0,831000000.0,27293000000.0,3299000000,11797000000,3001900000.0,2768000000.0,2768000000.0,13330000000,70353000000,7379000000.0,6275000000.0,21293000000.0,3306000000.0,0.0,68001000000,26426000000.0,70682000000.0,5767000000.0,7039000000.0,67278000000.0,2994000000.0
128,PG,2010-06-30,77992000000,66025000000,24793000000.0,1950000000.0,0.0,946000000.0,24282000000.0,4017000000,12736000000,3099300000.0,2879000000.0,2879000000.0,16131000000,66733000000,6384000000.0,5335000000.0,19244000000.0,3067000000.0,0.0,61439000000,1876000000.0,64614000000.0,5458000000.0,6004000000.0,61309000000.0,564000000.0
129,HD,2024-01-28,152669000000,101709000000,26598000000.0,0.0,3020000000.0,1943000000.0,22015000000.0,4781000000,15143000000,992000000.0,3760000000.0,3760000000.0,21172000000,75486000000,20976000000.0,3328000000.0,26154000000.0,3226000000.0,0.0,1044000000,42150000000.0,83656000000.0,8383000000.0,7951000000.0,95372000000.0,1100000000.0
130,HD,2023-01-29,157403000000,104625000000,26284000000.0,0.0,2756000000.0,1617000000.0,23110000000.0,5372000000,17105000000,1016000000.0,2757000000.0,2757000000.0,14615000000,74883000000,24886000000.0,3317000000.0,25631000000.0,3119000000.0,0.0,1562000000,41150000000.0,76896000000.0,7789000000.0,6696000000.0,87298000000.0,1000000000.0
131,HD,2022-01-30,151157000000,100325000000,25406000000.0,0.0,2650000000.0,1347000000.0,28693000000.0,5304000000,16433000000,1035000000.0,2343000000.0,2343000000.0,16571000000,73572000000,22068000000.0,3426000000.0,25199000000.0,2566000000.0,0.0,-1696000000,36400000000.0,67580000000.0,6985000000.0,14809000000.0,80794000000.0,2249000000.0
132,HD,2021-01-31,132110000000,87257000000,24447000000.0,0.0,2425000000.0,1347000000.0,23166000000.0,4112000000,12866000000,1077000000.0,7895000000.0,7895000000.0,18839000000,67282000000,16627000000.0,2992000000.0,24705000000.0,2463000000.0,0.0,3299000000,34750000000.0,58134000000.0,6451000000.0,791000000.0,65793000000.0,1350000000.0
133,HD,2020-02-02,110225000000,72653000000,19740000000.0,0.0,2223000000.0,1201000000.0,18375000000.0,3473000000,11242000000,1077000000.0,2133000000.0,2133000000.0,13687000000,54352000000,14531000000.0,2106000000.0,22770000000.0,2678000000.0,0.0,-3116000000,29500000000.0,51729000000.0,5958000000.0,6965000000.0,65196000000.0,1755000000.0
134,HD,2019-02-03,108203000000,71043000000,19513000000.0,0.0,2076000000.0,1051000000.0,16716000000.0,3435000000,11121000000,1105000000.0,1778000000.0,1778000000.0,13165000000,45881000000,13925000000.0,1936000000.0,22375000000.0,2442000000.0,0.0,-1878000000,26814000000.0,46423000000.0,4704000000.0,9963000000.0,58196000000.0,1056000000.0
135,HD,2018-01-28,100904000000,66548000000,17864000000.0,0.0,1983000000.0,1057000000.0,16194000000.0,5068000000,8630000000,1158000000.0,3595000000.0,3595000000.0,12031000000,43075000000,12748000000.0,1952000000.0,22075000000.0,1897000000.0,0.0,1454000000,49235000000.0,39935000000.0,4212000000.0,8000000000.0,48196000000.0,1202000000.0
136,HD,2017-01-29,94595000000,62282000000,17132000000.0,0.0,1899000000.0,972000000.0,14133000000.0,4534000000,7957000000,1203000000.0,2538000000.0,2538000000.0,9783000000,38633000000,12549000000.0,2029000000.0,21914000000.0,1621000000.0,0.0,4333000000,44915000000.0,35519000000.0,3404000000.0,6880000000.0,40194000000.0,542000000.0
137,HD,2016-01-31,88519000000,58254000000,16801000000.0,0.0,0.0,919000000.0,12524000000.0,4012000000,7009000000,1252000000.0,2216000000.0,2216000000.0,9373000000,35657000000,11809000000.0,1890000000.0,22191000000.0,1503000000.0,0.0,6316000000,41224000000.0,30973000000.0,3031000000.0,7000000000.0,33194000000.0,77000000.0
138,HD,2015-02-01,83176000000,54787000000,16280000000.0,0.0,0.0,830000000.0,11269000000.0,3631000000,6345000000,1307000000.0,2216000000.0,1723000000.0,8242000000,30624000000,11079000000.0,1484000000.0,22720000000.0,1442000000.0,0.0,9322000000,16200000000.0,26995000000.0,2530000000.0,7000000000.0,26194000000.0,38000000.0
139,HD,2014-02-02,78812000000,51897000000,16122000000.0,0.0,0.0,711000000.0,10749000000.0,3082000000,5385000000,1380000000.0,1929000000.0,1929000000.0,7628000000,27996000000,11057000000.0,1398000000.0,23348000000.0,1389000000.0,0.0,12522000000,14200000000.0,23180000000.0,2243000000.0,8546000000.0,19194000000.0,33000000.0
140,HD,2013-02-03,74754000000,48912000000,16508000000.0,0.0,0.0,632000000.0,11462000000.0,2686000000,4535000000,1484000000.0,2494000000.0,2494000000.0,6975000000,23307000000,10710000000.0,1395000000.0,24069000000.0,1312000000.0,0.0,17777000000,10300000000.0,20038000000.0,1743000000.0,3984000000.0,10694000000.0,1321000000.0
141,HD,2012-01-29,70395000000,46133000000,16028000000.0,0.0,0.0,606000000.0,9376000000.0,2185000000,3883000000,1537000000.0,1987000000.0,1987000000.0,6651000000,22620000000,10325000000.0,1245000000.0,24448000000.0,1221000000.0,0.0,17898000000,21087000000.0,17246000000.0,1632000000.0,3470000000.0,6694000000.0,30000000.0
142,HD,2011-01-30,67997000000,44693000000,15849000000.0,0.0,0.0,530000000.0,10122000000.0,1935000000,3338000000,1623000000.0,545000000.0,545000000.0,4585000000,21236000000,10625000000.0,1085000000.0,25060000000.0,1096000000.0,139000000.0,18889000000,9749000000.0,14995000000.0,1569000000.0,2608000000.0,3193000000.0,1042000000.0
143,HD,2010-01-31,66176000000,43764000000,15902000000.0,0.0,0.0,676000000.0,10363000000.0,1362000000,2661000000,1698000000.0,1421000000.0,1427000000.0,5125000000,21484000000,10188000000.0,964000000.0,25550000000.0,966000000.0,33000000.0,19393000000,9682000000.0,13226000000.0,1525000000.0,213000000.0,585000000.0,1020000000.0
144,CVX,2023-12-31,200949000000,126915000000,4141000000.0,320000000.0,0.0,617000000.0,32258000000.0,8173000000,21369000000,1862404000.0,8178000000.0,8922000000.0,35609000000,99703000000,8612000000.0,19921000000.0,153036000000.0,15829000000.0,46812000000.0,160957000000,14612000000.0,200025000000.0,11336000000.0,14939000000.0,59065000000.0,1650000000.0
145,CVX,2022-12-31,246252000000,152093000000,4312000000.0,268000000.0,0.0,630000000.0,34208000000.0,14066000000,35465000000,1908428000.0,17678000000.0,18529000000.0,49602000000,97467000000,8247000000.0,20456000000.0,143591000000.0,11974000000.0,45238000000.0,159282000000,16258000000.0,190024000000.0,10968000000.0,11255000000.0,48196000000.0,2694000000.0
146,CVX,2021-12-31,162465000000,95720000000,4014000000.0,268000000.0,0.0,775000000.0,26791000000.0,5950000000,15625000000,1929806057.0,5640000000.0,374000000.0,29187000000,99595000000,6795000000.0,18419000000.0,146961000000.0,8056000000.0,40696000000.0,139067000000,22164000000.0,165546000000.0,10179000000.0,1383000000.0,41464000000.0,4946000000.0
147,CVX,2020-12-31,94692000000,60352000000,4213000000.0,435000000.0,0.0,735000000.0,22183000000.0,-1892000000,-5543000000,1925186317.0,5596000000.0,327000000.0,10577000000,107064000000,5676000000.0,11471000000.0,156618000000.0,8922000000.0,39052000000.0,131688000000,30805000000.0,160377000000.0,9651000000.0,1757000000.0,41498000000.0,2600000000.0
148,CVX,2019-12-31,146516000000,96726000000,4143000000.0,500000000.0,0.0,817000000.0,26530000000.0,2691000000,2924000000,1882168101.0,0.0,349000000.0,27314000000,92220000000,5848000000.0,13325000000.0,150494000000.0,14116000000.0,38688000000.0,144213000000,13659000000.0,174945000000.0,8959000000.0,4039000000.0,44599000000.0,5054000000.0
149,CVX,2018-12-31,166339000000,101019000000,3838000000.0,453000000.0,0.0,921000000.0,27171000000.0,5715000000,14824000000,1902838000.0,9342000000.0,9680000000.0,30618000000,98221000000,5704000000.0,15050000000.0,169207000000.0,13792000000.0,35546000000.0,154554000000,18706000000.0,180987000000.0,8502000000.0,1751000000.0,41593000000.0,5000000000.0
150,CVX,2017-12-31,141722000000,89759000000,4110000000.0,433000000.0,0.0,902000000.0,27737000000.0,-48000000,9195000000,1904702000.0,4813000000.0,4822000000.0,20338000000,104487000000,5585000000.0,15353000000.0,177712000000.0,13404000000.0,32497000000.0,148124000000,30234000000.0,174106000000.0,8132000000.0,1000000.0,40833000000.0,6720000000.0
151,CVX,2016-12-31,114472000000,75594000000,4305000000.0,476000000.0,0.0,753000000.0,31785000000.0,-1729000000,-497000000,1891507000.0,6988000000.0,7001000000.0,12690000000,113356000000,5419000000.0,14092000000.0,182186000000.0,18109000000.0,30250000000.0,145556000000,32490000000.0,173046000000.0,8032000000.0,2000000.0,41834000000.0,6253000000.0
152,CVX,2015-12-31,138477000000,87402000000,4443000000.0,601000000.0,0.0,495000000.0,25467000000.0,132000000,4587000000,1882814000.0,11022000000.0,11332000000.0,19456000000,110654000000,6334000000.0,12860000000.0,188396000000.0,29504000000.0,27110000000.0,152716000000,27071000000.0,181578000000.0,7992000000.0,2000000.0,42493000000.0,1486000000.0
153,CVX,2014-12-31,211970000000,134115000000,4494000000.0,707000000.0,0.0,358000000.0,31926000000.0,11892000000,19241000000,1872666000.0,12785000000.0,13207000000.0,31475000000,109835000000,6505000000.0,16736000000.0,183173000000.0,35407000000.0,26912000000.0,155028000000,15960000000.0,184987000000.0,7928000000.0,5006000000.0,42733000000.0,0.0
154,CVX,2013-12-31,228848000000,148952000000,4510000000.0,750000000.0,0.0,284000000.0,33018000000.0,14308000000,21423000000,1903713000.0,16245000000.0,17718000000.0,35002000000,103326000000,6380000000.0,21622000000.0,164829000000.0,37985000000.0,25502000000.0,149113000000,11960000000.0,173677000000.0,7474000000.0,5004000000.0,38290000000.0,0.0
155,CVX,2012-12-31,241909000000,154758000000,4724000000.0,648000000.0,0.0,242000000.0,34212000000.0,19996000000,26179000000,1936248000.0,20939000000.0,22659000000.0,38812000000,95150000000,6144000000.0,20997000000.0,141348000000.0,30938000000.0,23718000000.0,136524000000,6086000000.0,159730000000.0,6844000000.0,5004000000.0,33884000000.0,20000000.0
156,CVX,2011-12-31,253706000000,176292000000,4745000000.0,627000000.0,12911000000.0,288000000.0,33600000000.0,20626000000,26895000000,1970727000.0,15864000000.0,17353000000.0,41095000000,87293000000,5543000000.0,21793000000.0,122608000000.0,26500000000.0,22868000000.0,121382000000,4101000000.0,140399000000.0,6136000000.0,4262000000.0,29685000000.0,17000000.0
157,CVX,2010-12-31,204928000000,130353000000,4767000000.0,526000000.0,13063000000.0,50000000.0,29012000000.0,12919000000,19024000000,1998872000.0,14060000000.0,15070000000.0,31354000000,78958000000,5493000000.0,20759000000.0,104504000000.0,19612000000.0,21520000000.0,105081000000,5636000000.0,119641000000.0,5669000000.0,775000000.0,26411000000.0,33000000.0
158,CVX,2009-12-31,171636000000,112289000000,4527000000.0,603000000.0,12110000000.0,28000000.0,26211000000.0,7965000000,10483000000,1992801000.0,8716000000.0,8822000000.0,19373000000,72060000000,5529000000.0,17703000000.0,96468000000.0,19843000000.0,21158000000.0,91914000000,5705000000.0,106289000000.0,5302000000.0,0.0,26168000000.0,66000000.0
159,MRK,2023-12-31,60115000000,29523000000,10504000000.0,30531000000.0,1800000000.0,1146000000.0,25694000000.0,1512000000,365000000,2534000000.0,6841000000.0,7857000000.0,17926000000,69094000000,6358000000.0,10349000000.0,23051000000.0,3863000000.0,252000000.0,37581000000,35028000000.0,53895000000.0,7445000000.0,1346000000.0,57450000000.0,1300000000.0
160,MRK,2022-12-31,59283000000,31360000000,10042000000.0,13548000000.0,1800000000.0,962000000.0,24239000000.0,1918000000,14519000000,2535000000.0,12694000000.0,13192000000.0,52888000000,63169000000,5911000000.0,9450000000.0,21422000000.0,4388000000.0,1613000000.0,45991000000,30454000000.0,61081000000.0,7012000000.0,0.0,56489000000.0,1700000000.0
161,MRK,2021-12-31,48704000000,25611000000,9634000000.0,12245000000.0,1578000000.0,806000000.0,23872000000.0,1521000000,13049000000,2527000000.0,8096000000.0,8096000000.0,41769000000,67510000000,5953000000.0,9230000000.0,19279000000.0,4448000000.0,2070000000.0,38184000000,32988000000.0,53696000000.0,6610000000.0,840000000.0,57109000000.0,2300000000.0
162,MRK,2020-12-31,41518000000,29810000000,8955000000.0,13397000000.0,1669000000.0,831000000.0,27327000000.0,1340000000,7067000000,2530000000.0,8050000000.0,9849000000.0,10253000000,66271000000,5554000000.0,7851000000.0,17000000000.0,4429000000.0,785000000.0,25317000000,27669000000.0,47362000000.0,6215000000.0,1281000000.0,56787000000.0,2300000000.0
163,MRK,2019-12-31,39121000000,27860000000,9455000000.0,9724000000.0,1615000000.0,893000000.0,22220000000.0,1565000000,9843000000,2544000000.0,9676000000.0,12037000000.0,13440000000,58490000000,5978000000.0,6778000000.0,14297000000.0,3369000000.0,1469000000.0,25907000000,24826000000.0,46602000000.0,5695000000.0,4780000000.0,55950000000.0,1900000000.0
164,MRK,2018-12-31,42294000000,26927000000,10102000000.0,9752000000.0,1416000000.0,772000000.0,22206000000.0,2508000000,6220000000,2616000000.0,7965000000.0,10214000000.0,10922000000,55936000000,5440000000.0,7071000000.0,13291000000.0,2615000000.0,6233000000.0,26701000000,8100000000.0,42579000000.0,5172000000.0,9091000000.0,50929000000.0,5308000000.0
165,MRK,2017-12-31,40122000000,27227000000,10074000000.0,10339000000.0,1500000000.0,754000000.0,18614000000.0,4103000000,2394000000,2715000000.0,6092000000.0,8498000000.0,6451000000,53536000000,5096000000.0,6873000000.0,12439000000.0,1888000000.0,12892000000.0,34336000000,10700000000.0,41350000000.0,5167000000.0,4014000000.0,43794000000.0,3000000000.0
166,MRK,2016-12-31,39807000000,32052000000,10017000000.0,10261000000.0,1600000000.0,693000000.0,17204000000.0,718000000,3920000000,2757000000.0,6515000000.0,14341000000.0,10376000000,55289000000,4866000000.0,7018000000.0,12026000000.0,1614000000.0,12131000000.0,40088000000,8701000000.0,44133000000.0,5124000000.0,3434000000.0,40546000000.0,300000000.0
167,MRK,2015-12-31,37549000000,30828000000,10313000000.0,6704000000.0,1600000000.0,672000000.0,19201000000.0,942000000,4442000000,2789000000.0,8524000000.0,13427000000.0,12538000000,57001000000,4700000000.0,6484000000.0,12507000000.0,1283000000.0,13741000000.0,44676000000,9017000000.0,45348000000.0,5117000000.0,4186000000.0,38534000000.0,2300000000.0
168,MRK,2014-12-31,41438000000,34809000000,11606000000.0,7180000000.0,2500000000.0,732000000.0,18397000000.0,5349000000,11920000000,2849000000.0,7441000000.0,15719000000.0,7989000000,49520000000,5571000000.0,6626000000.0,13136000000.0,1317000000.0,13852000000.0,48647000000,7719000000.0,46021000000.0,5170000000.0,7703000000.0,35262000000.0,1000000000.0
169,MRK,2013-12-31,42992000000,36139000000,11911000000.0,7503000000.0,2200000000.0,801000000.0,17868000000.0,1028000000,4404000000,2927000000.0,15621000000.0,17486000000.0,11654000000,55880000000,6226000000.0,7184000000.0,14973000000.0,1548000000.0,11370000000.0,49765000000,20539000000.0,39257000000.0,5157000000.0,6516000000.0,29591000000.0,2100000000.0
170,MRK,2012-12-31,46368000000,35779000000,12776000000.0,8168000000.0,2000000000.0,714000000.0,18348000000.0,2440000000,6168000000,3076000000.0,13451000000.0,16141000000.0,10022000000,53112000000,6535000000.0,7672000000.0,16030000000.0,1954000000.0,8605000000.0,53020000000,24238000000.0,39985000000.0,5116000000.0,2591000000.0,24717000000.0,1800000000.0
171,MRK,2011-12-31,47418000000,32115000000,13733000000.0,8467000000.0,2400000000.0,695000000.0,16245000000.0,942000000,6272000000,3047000000.0,13531000000.0,14972000000.0,12383000000,50611000000,6254000000.0,8261000000.0,16297000000.0,1723000000.0,4344000000.0,54517000000,914549000000.0,38990000000.0,4691000000.0,1921000000.0,23792000000.0,0.0
172,MRK,2010-12-31,45987000000,34117000000,13125000000.0,11111000000.0,0.0,715000000.0,15641000000.0,671000000,861000000,3082100000.0,10900000000.0,12201000000.0,10822000000,51405000000,5868000000.0,7344000000.0,17082000000.0,1678000000.0,2175000000.0,54376000000,15482000000.0,37536000000.0,4734000000.0,1593000000.0,22433000000.0,0.0
173,MRK,2009-12-31,27428000000,19196000000,8543000000.0,5845000000.0,0.0,460000000.0,15641000000.0,2268000000,12899000000,2746500000.0,9311000000.0,9604500000.0,3392000000,53256000000,8048000000.0,6603000000.0,18279000000.0,1461000000.0,432300000.0,59058000000,17500000000.0,41405000000.0,3215000000.0,0.0,21044000000.0,0.0
174,KO,2023-12-31,45754000000,18520000000,13972000000.0,0.0,1018000000.0,1527000000.0,23571000000.0,2249000000,10714000000,4317000000.0,9366000000.0,12363000000.0,11599000000,71762000000,4424000000.0,3410000000.0,9236000000.0,1852000000.0,19671000000.0,25941000000,37507000000.0,73782000000.0,7952000000.0,2289000000.0,54535000000.0,1960000000.0
175,KO,2022-12-31,43004000000,18000000000,12880000000.0,0.0,1125000000.0,882000000.0,19724000000.0,2115000000,9542000000,4325000000.0,9519000000.0,10562000000.0,11018000000,68658000000,4233000000.0,3487000000.0,9841000000.0,1484000000.0,18264000000.0,24105000000,36776000000.0,71019000000.0,7616000000.0,1418000000.0,52601000000.0,399000000.0
176,KO,2021-12-31,38655000000,15357000000,12144000000.0,0.0,1262000000.0,1597000000.0,19950000000.0,2621000000,9771000000,4321000000.0,9684000000.0,10926000000.0,12625000000,71355000000,3414000000.0,3512000000.0,9920000000.0,1367000000.0,17598000000.0,22999000000,39454000000.0,69094000000.0,7252000000.0,111000000.0,51641000000.0,1338000000.0
177,KO,2020-12-31,33014000000,13433000000,9731000000.0,0.0,1301000000.0,1437000000.0,14601000000.0,1981000000,7747000000,4301000000.0,6795000000.0,8566000000.0,9844000000,67997000000,3266000000.0,3144000000.0,10777000000.0,1177000000.0,19273000000.0,19299000000,40610000000.0,66555000000.0,7047000000.0,118000000.0,52016000000.0,485000000.0
178,KO,2019-12-31,37266000000,14619000000,12103000000.0,0.0,1208000000.0,946000000.0,26973000000.0,1801000000,8920000000,4285000000.0,6480000000.0,7947000000.0,10471000000,67400000000,3379000000.0,3971000000.0,10838000000.0,2054000000.0,19025000000.0,18981000000,31769000000.0,65855000000.0,6845000000.0,1103000000.0,52244000000.0,4253000000.0
179,KO,2018-12-31,34300000000,13067000000,11002000000.0,0.0,999000000.0,950000000.0,28782000000.0,1749000000,6434000000,17035987226.0,9077000000.0,11102000000.0,7627000000,66235000000,3071000000.0,3396000000.0,9598000000.0,1347000000.0,19407000000.0,16981000000,30379000000.0,63234000000.0,6644000000.0,1912000000.0,51719000000.0,5003000000.0
180,KO,2017-12-31,36212000000,13721000000,12834000000.0,0.0,1131000000.0,853000000.0,27194000000.0,5607000000,1248000000,4263000000.0,6102000000.0,15358000000.0,7041000000,70824000000,2655000000.0,3667000000.0,9638000000.0,1675000000.0,20999000000.0,17072000000,34480000000.0,60430000000.0,6320000000.0,3682000000.0,50677000000.0,3298000000.0
181,KO,2016-12-31,41863000000,16465000000,15370000000.0,0.0,1575000000.0,733000000.0,26532000000.0,1586000000,6527000000,4302000000.0,8555000000.0,18150000000.0,8792000000,64208000000,2675000000.0,3856000000.0,10635000000.0,2262000000.0,16400000000.0,23062000000,33211000000.0,65502000000.0,6043000000.0,3681000000.0,47988000000.0,3527000000.0
182,KO,2015-12-31,43555000000,37604000000,16427000000.0,0.0,1735000000.0,856000000.0,26929000000.0,2239000000,7351000000,4337000000.0,7309000000.0,15631000000.0,10528000000,64442000000,2902000000.0,3941000000.0,12571000000.0,2553000000.0,12508000000.0,25554000000,30987000000.0,65018000000.0,5741000000.0,3564000000.0,45066000000.0,2676000000.0
183,KO,2014-12-31,44269000000,38469000000,17218000000.0,0.0,1716000000.0,483000000.0,32374000000.0,2201000000,7098000000,4372000000.0,8958000000.0,18010000000.0,10615000000,61703000000,3100000000.0,4466000000.0,14633000000.0,2406000000.0,10113000000.0,30320000000,22615000000.0,63408000000.0,5350000000.0,4162000000.0,42225000000.0,3552000000.0
184,KO,2013-12-31,47032000000,38791000000,17310000000.0,0.0,1727000000.0,463000000.0,27811000000.0,2851000000,8584000000,4410000000.0,10414000000.0,17121000000.0,10542000000,56882000000,3277000000.0,4873000000.0,14967000000.0,2550000000.0,10555000000.0,33173000000,20178000000.0,61660000000.0,4969000000.0,4832000000.0,39091000000.0,1024000000.0
185,KO,2012-12-31,47759000000,39780000000,17738000000.0,0.0,1704000000.0,397000000.0,27821000000.0,2723000000,9019000000,4477000000.0,8442000000.0,13459000000.0,10645000000,53384000000,3264000000.0,4759000000.0,14476000000.0,2780000000.0,9216000000.0,32790000000,16313000000.0,58045000000.0,4595000000.0,4559000000.0,35009000000.0,1577000000.0
186,KO,2011-12-31,46350000000,38898000000,17422000000.0,0.0,1654000000.0,417000000.0,24283000000.0,2812000000,8584000000,2269000000.0,12803000000.0,13891000000.0,9474000000,48339000000,3092000000.0,4920000000.0,14939000000.0,2920000000.0,7233000000.0,31635000000,15697000000.0,53621000000.0,4300000000.0,4513000000.0,31304000000.0,2041000000.0
187,KO,2010-12-31,34386000000,26431000000,13194000000.0,0.0,1188000000.0,733000000.0,18508000000.0,2370000000,11787000000,2311000000.0,8517000000.0,11199000000.0,9532000000,41918000000,2650000000.0,4430000000.0,14727000000.0,2215000000.0,6954000000.0,31003000000,15317000000.0,49278000000.0,4068000000.0,2961000000.0,27762000000.0,1276000000.0
188,KO,2009-12-31,30635000000,22446000000,11358000000.0,0.0,1005000000.0,355000000.0,13721000000.0,2040000000,6824000000,2314000000.0,7021000000.0,9151000000.0,8186000000,23872000000,2354000000.0,3758000000.0,9561000000.0,1993000000.0,6755000000.0,24799000000,5110000000.0,41537000000.0,3800000000.0,1518000000.0,25398000000.0,51000000.0
189,CSCO,2023-07-29,56682000000,34408000000,12358000000.0,7551000000.0,0.0,427000000.0,31309000000.0,2705000000,12613000000,4066000000.0,10123000000.0,26146000000.0,19886000000,57499000000,3644000000.0,9252000000.0,2085000000.0,849000000.0,1800000000.0,44353000000,8400000000.0,1639000000.0,6302000000.0,4293000000.0,0.0,1733000000.0
190,CSCO,2022-07-30,51376000000,30820000000,11186000000.0,6774000000.0,0.0,360000000.0,25640000000.0,2665000000,11812000000,4110000000.0,7079000000.0,19267000000.0,13226000000,54229000000,2568000000.0,10505000000.0,1997000000.0,477000000.0,1900000000.0,39773000000,8900000000.0,-1319000000.0,6224000000.0,7689000000.0,0.0,499000000.0
191,CSCO,2021-07-31,49690000000,30409000000,11411000000.0,6549000000.0,0.0,434000000.0,26257000000.0,2671000000,10591000000,4217000000.0,9175000000.0,24518000000.0,15454000000,56222000000,1559000000.0,10146000000.0,2338000000.0,692000000.0,1500000000.0,41275000000,11500000000.0,-654000000.0,6163000000.0,2877000000.0,0.0,2508000000.0
192,CSCO,2020-07-25,48991000000,29372000000,11094000000.0,6347000000.0,0.0,585000000.0,25331000000.0,2756000000,11214000000,4237000000.0,11809000000.0,29419000000.0,15426000000,56933000000,1282000000.0,10523000000.0,2453000000.0,770000000.0,1300000000.0,37920000000,14600000000.0,-2763000000.0,6016000000.0,2659000000.0,0.0,3005000000.0
193,CSCO,2019-07-27,51037000000,31092000000,11398000000.0,6577000000.0,0.0,859000000.0,31712000000.0,2950000000,11621000000,4250000000.0,11750000000.0,33413000000.0,15831000000,64222000000,1383000000.0,10586000000.0,2789000000.0,909000000.0,1200000000.0,33571000000,20500000000.0,-5903000000.0,5979000000.0,20717000000.0,0.0,5998000000.0
194,CSCO,2017-07-29,48005000000,17781000000,11177000000.0,6059000000.0,0.0,861000000.0,27583000000.0,2678000000,9609000000,4983000000.0,11708000000.0,70492000000.0,13876000000,63681000000,1616000000.0,10002000000.0,3322000000.0,964000000.0,983000000.0,66137000000,30472000000.0,20838000000.0,5511000000.0,3685000000.0,0.0,4747000000.0
195,CSCO,2016-07-30,49247000000,18287000000,11433000000.0,6296000000.0,0.0,676000000.0,24911000000.0,2181000000,10739000000,5029000000.0,7631000000.0,65756000000.0,13570000000,58067000000,1217000000.0,10119000000.0,3506000000.0,1146000000.0,1003000000.0,63586000000,28642000000.0,19396000000.0,4750000000.0,3909000000.0,0.0,4159000000.0
196,CSCO,2015-07-25,49161000000,19480000000,11861000000.0,6207000000.0,0.0,566000000.0,23412000000.0,2220000000,8981000000,5085000000.0,6877000000.0,60416000000.0,23555000000,53666000000,1627000000.0,9835000000.0,3332000000.0,1227000000.0,897000000.0,59698000000,25351000000.0,16045000000.0,4086000000.0,4324000000.0,0.0,3894000000.0
197,CSCO,2014-07-26,47142000000,19373000000,11437000000.0,6294000000.0,0.0,564000000.0,19809000000.0,1862000000,7853000000,5107000000.0,6726000000.0,52074000000.0,23418000000,48409000000,1591000000.0,9310000000.0,3252000000.0,1275000000.0,899000000.0,56654000000,20837000000.0,14093000000.0,3758000000.0,9413000000.0,0.0,500000000.0
198,CSCO,2013-07-27,48607000000,19167000000,11802000000.0,5942000000.0,0.0,583000000.0,21996000000.0,1244000000,9983000000,5389000000.0,7925000000.0,50610000000.0,12894000000,42063000000,1476000000.0,9507000000.0,3322000000.0,1160000000.0,833000000.0,59120000000,16201000000.0,16215000000.0,3310000000.0,2773000000.0,0.0,3273000000.0
199,CSCO,2012-07-28,46061000000,17852000000,11969000000.0,5488000000.0,0.0,596000000.0,17731000000.0,2118000000,8041000000,5298000000.0,9799000000.0,48716000000.0,11491000000,40458000000,1663000000.0,8030000000.0,3402000000.0,1126000000.0,153000000.0,51286000000,16297000000.0,11354000000.0,1501000000.0,4560000000.0,-51301000000.0,0.0
200,CSCO,2011-07-30,43218000000,16682000000,11720000000.0,5823000000.0,0.0,628000000.0,17506000000.0,1335000000,6490000000,5435000000.0,7662000000.0,44585000000.0,10079000000,39836000000,1486000000.0,7809000000.0,3916000000.0,1174000000.0,3488000000.0,47226000000,16234000000.0,7284000000.0,658000000.0,6713000000.0,0.0,0.0
201,CSCO,2010-07-31,40040000000,14397000000,10715000000.0,0.0,0.0,623000000.0,19233000000.0,1648000000,7767000000,5655000000.0,4581000000.0,39861000000.0,10173000000,36845000000,1327000000.0,4929000000.0,3941000000.0,1008000000.0,0.0,44267000000,15225000000.0,5851000000.0,0.0,7864000000.0,0.0,3037000000.0
202,MCD,2023-12-31,25493700000,4775100000,2435200000.0,0.0,1501500000.0,1360800000.0,6859000000.0,2053400000,8468800000,732300000.0,4579300000.0,4579300000.0,9611900000,60853500000,52800000.0,2488000000.0,24907600000.0,2798600000.0,1080200000.0,-4706700000,39300000000.0,63479900000.0,4532800000.0,3054300000.0,74640100000.0,2192400000.0
203,MCD,2022-12-31,23182600000,4362800000,2492200000.0,0.0,1454000000.0,1207000000.0,3802100000.0,1648000000,6177400000,731100000.0,2583800000.0,2583800000.0,7386700000,56439000000,52000000.0,2115000000.0,23773600000.0,2706200000.0,1064500000.0,-6003400000,35903500000.0,59543900000.0,4168200000.0,3896000000.0,71624400000.0,0.0
204,MCD,2021-12-31,23222900000,4245900000,2377800000.0,0.0,1530700000.0,1185800000.0,4020000000.0,1582700000,7545200000,745700000.0,4709200000.0,4709200000.0,9141500000,58455300000,55600000.0,1872400000.0,24720600000.0,2414200000.0,1201200000.0,-4601000000,35622700000.0,57534700000.0,3918600000.0,845500000.0,67810200000.0,0.0
205,MCD,2020-12-31,19207800000,3996400026,2245000000.0,0.0,1469400000.0,1218100000.0,6181200000.0,1410200000,4730500000,745200000.0,3449100000.0,3449100000.0,6265200000,60451700000,51100000.0,2110300000.0,24958200000.0,1706900000.0,1297200000.0,-7824900000,37440400000.0,53908100000.0,3752900000.0,907800000.0,67066400000.0,2243600000.0
206,MCD,2019-12-31,21364400000,3747900000,2229400000.0,0.0,1392200000.0,1121900000.0,3621000000.0,1992700000,6025400000,749200000.0,898500000.0,898500000.0,8122100000,55721100000,50200000.0,2224200000.0,24160000000.0,540900000.0,1270300000.0,-8210300000,34177200000.0,52930500000.0,3581900000.0,4976200000.0,66328600000.0,59100000.0
207,MCD,2018-12-31,21257900000,5654400000,2200200000.0,0.0,1302900000.0,981200000.0,2973500000.0,1891800000,5924300000,769500000.0,866000000.0,866000000.0,6966700000,39069600000,51100000.0,2441500000.0,22842700000.0,101700000.0,1202800000.0,-6258400000,31075300000.0,50487000000.0,3255900000.0,5207700000.0,61528500000.0,0.0
208,MCD,2017-12-31,22820400000,5384700000,2231300000.0,0.0,1227500000.0,921300000.0,2890600000.0,3381200000,5192300000,794300000.0,2463800000.0,2463800000.0,5551200000,37071700000,58800000.0,1976200000.0,22448300000.0,77000000.0,1085700000.0,-3268000000,29536400000.0,48325800000.0,3089200000.0,4685700000.0,56504400000.0,0.0
209,MCD,2016-12-31,24621900000,5659300000,2384500000.0,0.0,1390700000.0,884800000.0,3468300000.0,2179500000,4686500000,823700000.0,1223400000.0,1223400000.0,6059600000,33228200000,58900000.0,1474100000.0,21257600000.0,109500000.0,725900000.0,-2204300000,25955700000.0,46222700000.0,3058200000.0,11171000000.0,52108600000.0,77200000.0
210,MCD,2015-12-31,25413000000,5717300000,2434300000.0,0.0,1438000000.0,638300000.0,2950400000.0,2026400000,4529300000,914100000.0,7685500000.0,7685500000.0,6539100000,30850800000,100100000.0,1298700000.0,23117600000.0,140600000.0,792700000.0,7087900000,24122100000.0,44594500000.0,3230300000.0,6099200000.0,41176800000.0,0.0
211,MCD,2014-12-31,27441300000,5829700000,2487900000.0,0.0,1539300000.0,576400000.0,2747900000.0,2614200000,4757800000,966600000.0,2077900000.0,2077900000.0,6730300000,21374000000,110000000.0,1214400000.0,24557500000.0,170500000.0,1004500000.0,12853400000,14935700000.0,43294500000.0,3216100000.0,3198600000.0,35177100000.0,14943200000.0
212,MCD,2013-12-31,28105700000,5595100000,2385600000.0,0.0,1498800000.0,527800000.0,3170000000.0,2618600000,5585900000,992500000.0,2798700000.0,2958700000.0,7120700000,20616600000,123700000.0,1319800000.0,25747300000.0,181000000.0,1209100000.0,16009700000,14129800000.0,41751200000.0,3114600000.0,1777800000.0,32179800000.0,0.0
213,MCD,2012-12-31,27567000000,5478700000,2455200000.0,0.0,1402200000.0,516600000.0,3403100000.0,2614200000,5464800000,1002400000.0,2336100000.0,2336100000.0,6966100000,20092900000,121700000.0,1375300000.0,24677200000.0,158500000.0,1380500000.0,15293600000,13632500000.0,39278000000.0,2896600000.0,2615100000.0,30576300000.0,0.0
214,MCD,2011-12-31,27006000000,5286300000,2393700000.0,0.0,1329600000.0,492800000.0,3509200000.0,2509100000,5503100000,1022000000.0,2335700000.0,2335700000.0,7150100000,18599700000,116800000.0,1334700000.0,22834500000.0,186400000.0,1427000000.0,14390200000,12500400000.0,36707500000.0,2609700000.0,3363100000.0,28270900000.0,366600000.0
215,MCD,2010-12-31,24074600000,5016400000,2333300000.0,0.0,1200400000.0,450900000.0,2924700000.0,2054000000,4946300000,1055000000.0,2387000000.0,2387000000.0,6341600000,17341000000,109900000.0,1179100000.0,22060600000.0,183400000.0,1335300000.0,14634200000,11505300000.0,33811700000.0,2408100000.0,2698500000.0,25143400000.0,8300000.0
216,MCD,2009-12-31,22744700000,4691000000,2234200000.0,0.0,1160800000.0,473200000.0,2988700000.0,1936000000,4551000000,1078000000.0,1796000000.0,1796000000.0,5751000000,16191000000,106200000.0,1060400000.0,21531500000.0,145700000.0,1212700000.0,14033900000,10578400000.0,31270800000.0,2235500000.0,2797400000.0,22854800000.0,18100000.0
217,CRM,2024-01-31,34869000000,28899000000,15411000000.0,4906000000.0,0.0,29000000.0,26631000000.0,814000000,4136000000,971000000.0,8472000000.0,14274000000.0,10234000000,40177000000,0.0,11414000000.0,2635000000.0,736000000.0,4848000000.0,59646000000,9426000000.0,11721000000.0,772000000.0,7620000000.0,11692000000.0,999000000.0
218,CRM,2023-01-31,31213000000,29053000000,16079000000.0,5055000000.0,0.0,297000000.0,25891000000.0,452000000,208000000,1009000000.0,7016000000.0,12556000000.0,7111000000,40490000000,1776000000.0,10755000000.0,2913000000.0,798000000.0,4672000000.0,58359000000,10601000000.0,7585000000.0,861000000.0,4000000000.0,4000000000.0,1182000000.0
219,CRM,2022-01-31,28164000000,24777000000,14453000000.0,4465000000.0,0.0,221000000.0,21788000000.0,88000000,1444000000,989000000.0,5464000000.0,10907000000.0,6000000000,37078000000,1454000000.0,9739000000.0,2415000000.0,717000000.0,4784000000.0,58131000000,10596000000.0,7377000000.0,0.0,0.0,0.0,4000000.0
220,CRM,2021-01-31,22027000000,20261000000,11761000000.0,3598000000.0,0.0,125000000.0,17728000000.0,-1511000000,4072000000,919000000.0,6195000000.0,14034000000.0,4801000000,24808000000,1146000000.0,7786000000.0,2459000000.0,150000000.0,3909000000.0,41493000000,2677000000.0,5933000000.0,0.0,0.0,0.0,4000000.0
221,CRM,2020-01-31,17321000000,16004000000,9634000000.0,2766000000.0,0.0,130000000.0,14845000000.0,580000000,126000000,893000000.0,4145000000.0,7947000000.0,4331000000,21241000000,926000000.0,6174000000.0,2375000000.0,643000000.0,1963000000.0,33885000000,2694000000.0,1861000000.0,0.0,0.0,0.0,4000000.0
222,CRM,2019-01-31,13592000000,11823000000,7410000000.0,1886000000.0,0.0,154000000.0,11255000000.0,-127000000,1110000000,770000000.0,2669000000.0,4342000000.0,3398000000,15132000000,788000000.0,4924000000.0,2051000000.0,595000000.0,1302000000.0,15605000000,3198000000.0,1735000000.0,0.0,0.0,0.0,3000000.0
223,CRM,2018-01-31,10393069000,9443771000,5917649000.0,1553000000.0,0.0,87000000.0,10067000000.0,60000000,360000000,707460000.0,2543000000.0,4521705000.0,2738000000,11608000000,0.0,3917401000.0,1947000000.0,534027000.0,677283000.0,10376000000,1726821000.0,635000000.0,0.0,0.0,0.0,1025000000.0
224,CRM,2017-01-31,8391984000,2188984000,4885590000.0,1208000000.0,0.0,89000000.0,7295466000.0,-144000000,323000000,707460000.0,1607000000.0,2208887000.0,2162000000,10084796000,0.0,3196643000.0,1787534000.0,463958000.0,566953000.0,8230000000,2011849000.0,-464910000.0,0.0,0.0,0.0,0.0
225,CRM,2016-01-31,6667216000,1654548000,3988062000.0,946300000.0,0.0,72485000.0,5617005000.0,111705000,-47426000,670929000.0,1158000000.0,1341381000.0,1672081000,7760051000,481017000.0,2496165000.0,1715828000.0,284476000.0,1904717000.0,5003000000,1293947000.0,-653271000.0,0.0,0.0,0.0,2048566000.0
226,CRM,2015-01-31,5373586000,1289270000,3437032000.0,792917000.0,0.0,73237000.0,4390103000.0,49603000,-262688000,650596000.0,908117000.0,995429000.0,1181444000,6689944000,632517000.0,1905506000.0,1125866000.0,416889000.0,1070629000.0,3975183000,1370692000.0,-605845000.0,0.0,0.0,0.0,1495981000.0
227,CRM,2014-01-31,4071003000,968428000,2764851000.0,623798000.0,0.0,77211000.0,3980188000.0,-125760000,-232175000,610143000.0,781635000.0,838774000.0,875469000,6087715000,403273000.0,1360837000.0,1240746000.0,299110000.0,574732000.0,3038510000,1589089000.0,-343157000.0,0.0,0.0,0.0,30000000.0
228,CRM,2013-01-31,3050195000,683579000,2047847000.0,429479000.0,0.0,30948000.0,2917624000.0,142651000,-270445000,146406655.0,747245000.0,867621000.0,736897000,3157711000,0.0,872634000.0,604669000.0,175601000.0,942349000.0,2317633000,1563834000.0,-110982000.0,0.0,0.0,-2317633000.0,0.0
229,CRM,2012-01-31,2266539000,488886000,1517391000.0,295347000.0,0.0,17045000.0,2300031000.0,-21745000,-11572000,137036541.0,607284000.0,777866000.0,591507000,2498053000,0.0,683745000.0,527946000.0,151645000.0,723257000.0,1587360000,1488447000.0,159463000.0,0.0,0.0,0.0,496149000.0
230,CRM,2011-01-31,1657139000,323813000,1047942000.0,187887000.0,0.0,24909000.0,1276466000.0,34601000,64474000,132921147.0,424292000.0,496970000.0,459081000,1814674000,0.0,426943000.0,387174000.0,90887000.0,937652000.0,1276491000,472538000.0,171035000.0,171964000.0,0.0,0.0,0.0
231,CRM,2010-01-31,1305583000,257925000,800489000.0,131897000.0,0.0,2000000.0,908130000.0,57689000,80719000,127152449.0,1011306000.0,1241965000.0,270911000,1403535000,0.0,320956000.0,89711000.0,53901000.0,485083000.0,1043802000,450198000.0,106561000.0,0.0,0.0,-1056666000.0,0.0
232,NKE,2023-05-31,51430000000,45302000000,16377000000.0,0.0,703000000.0,-286000000.0,9256000000.0,1131000000,5070000000,1536300000.0,7441000000.0,7441000000.0,5841000000,23527000000,8454000000.0,4131000000.0,5081000000.0,969000000.0,0.0,14004000000,8927000000.0,1358000000.0,2012000000.0,5480000000.0,0.0,0.0
233,NKE,2022-05-31,46736000000,40035000000,14804000000.0,0.0,717000000.0,-205000000.0,10730000000.0,605000000,6046000000,1571900000.0,8574000000.0,8574000000.0,5188000000,25040000000,8420000000.0,4667000000.0,4791000000.0,758000000.0,0.0,15281000000,9420000000.0,3476000000.0,1837000000.0,4014000000.0,0.0,500000000.0
234,NKE,2021-05-31,44676000000,37601000000,13025000000.0,0.0,744000000.0,262000000.0,9674000000.0,934000000,5727000000,1579300000.0,9889000000.0,13476000000.0,6657000000,24973000000,6854000000.0,4463000000.0,4904000000.0,695000000.0,0.0,12767000000,9413000000.0,3179000000.0,1638000000.0,608000000.0,0.0,0.0
235,NKE,2020-05-31,37380000000,34288000000,13126000000.0,0.0,721000000.0,89000000.0,8284000000.0,348000000,2539000000,1555800000.0,8348000000.0,8787000000.0,2485000000,23287000000,7367000000.0,2749000000.0,4866000000.0,1086000000.0,0.0,8055000000,9409000000.0,-191000000.0,1452000000.0,3067000000.0,0.0,3000000.0
236,NKE,2019-05-31,38884000000,34345000000,12702000000.0,0.0,705000000.0,749000000.0,7866000000.0,772000000,4029000000,1570400000.0,4466000000.0,4663000000.0,5903000000,14677000000,5622000000.0,4272000000.0,4744000000.0,1119000000.0,0.0,9040000000,3470000000.0,1643000000.0,1332000000.0,4286000000.0,0.0,6000000.0
237,NKE,2018-05-31,36496000000,31952000000,11511000000.0,0.0,747000000.0,54000000.0,6040000000.0,2392000000,1933000000,1605500000.0,4249000000.0,5245000000.0,4955000000,12724000000,5261000000.0,3498000000.0,4454000000.0,1028000000.0,0.0,9812000000,3474000000.0,3517000000.0,1243000000.0,4254000000.0,0.0,6000000.0
238,NKE,2017-05-31,34467000000,29601000000,10563000000.0,0.0,706000000.0,59000000.0,5474000000.0,646000000,4240000000,1646700000.0,3808000000.0,6179000000.0,3846000000,10852000000,5055000000.0,3677000000.0,3989000000.0,1105000000.0,0.0,12407000000,3477000000.0,6907000000.0,1133000000.0,3223000000.0,0.0,6000000.0
239,NKE,2016-05-31,32278000000,27874000000,10469000000.0,0.0,649000000.0,19000000.0,5358000000.0,863000000,3760000000,1682000000.0,3138000000.0,5457000000.0,3399000000,9121000000,4838000000.0,3241000000.0,3520000000.0,1143000000.0,0.0,12258000000,2037000000.0,4151000000.0,1022000000.0,3238000000.0,0.0,44000000.0
240,NKE,2015-05-31,30177000000,26426000000,9892000000.0,0.0,606000000.0,28000000.0,6332000000.0,932000000,3273000000,857200000.0,3852000000.0,5924000000.0,4680000000,8890000000,4337000000.0,3358000000.0,3011000000.0,963000000.0,0.0,12707000000,1186000000.0,4685000000.0,899000000.0,2534000000.0,0.0,107000000.0
241,NKE,2014-05-31,27799000000,24119000000,8766000000.0,0.0,518000000.0,33000000.0,5027000000.0,851000000,2693000000,873800000.0,2220000000.0,5142000000.0,3013000000,7770000000,3947000000.0,3434000000.0,2834000000.0,880000000.0,0.0,10824000000,1206000000.0,4871000000.0,799000000.0,2628000000.0,0.0,7000000.0
242,NKE,2013-05-31,25313000000,22073000000,7796000000.0,0.0,438000000.0,3000000.0,3962000000.0,805000000,2472000000,892500000.0,3337000000.0,5965000000.0,3032000000,6464000000,3434000000.0,3117000000.0,2452000000.0,636000000.0,0.0,11081000000,1267000000.0,5620000000.0,703000000.0,1674000000.0,0.0,57000000.0
243,NKE,2012-05-31,24128000000,21088000000,7079000000.0,0.0,373000000.0,3000000.0,3882000000.0,754000000,2211000000,458200000.0,2254000000.0,3757000000.0,1824000000,5146000000,3350000000.0,3280000000.0,2209000000.0,597000000.0,0.0,10319000000,277000000.0,5588000000.0,619000000.0,1814000000.0,0.0,49000000.0
244,NKE,2011-05-31,20556000000,11354000000,6361000000.0,0.0,335000000.0,4000000.0,3958000000.0,690000000,2133000000,469200000.0,1877000000.0,4460000000.0,1812000000,5205000000,2715000000.0,3138000000.0,2115000000.0,432000000.0,0.0,9793000000,476000000.0,5801000000.0,555000000.0,1859000000.0,0.0,200000000.0
245,NKE,2010-05-31,19014000000,10214000000,6326000000.0,0.0,324000000.0,6300000.0,3364000000.0,610000000,1907000000,484600000.0,3079000000.0,5146000000.0,3164000000,4665000000,2041000000.0,2649800000.0,1932000000.0,335100000.0,0.0,9754000000,453000000.0,6095000000.0,505000000.0,741000000.0,0.0,7000000.0
246,DIS,2023-09-30,88898000000,20670000000,15336000000.0,0.0,3626000000.0,-1973000000.0,31139000000.0,1379000000,2354000000,1800000000.0,14182000000.0,14182000000.0,21525000000,106302000000,1963000000.0,12330000000.0,34941000000.0,4969000000.0,3080000000.0,99277000000,46431000000.0,46093000000.0,0.0,0.0,907000000.0,4330000000.0
247,DIS,2022-09-30,82722000000,18582000000,16388000000.0,0.0,3183000000.0,-1549000000.0,29073000000.0,1732000000,3145000000,1800000000.0,11615000000.0,11615000000.0,11683000000,108623000000,1742000000.0,12652000000.0,33596000000.0,4943000000.0,3218000000.0,95008000000,48369000000.0,43636000000.0,0.0,0.0,907000000.0,3070000000.0
248,DIS,2021-09-30,67418000000,16256000000,13517000000.0,0.0,3068000000.0,-1546000000.0,31077000000.0,25000000,1995000000,1816000000.0,15959000000.0,15959000000.0,12035000000,115056000000,1331000000.0,13367000000.0,32624000000.0,3578000000.0,3935000000.0,88553000000,54406000000.0,40429000000.0,0.0,0.0,907000000.0,5866000000.0
249,DIS,2020-09-30,65388000000,20346000000,12369000000.0,0.0,3140000000.0,1647000000.0,26628000000.0,699000000,-2864000000,1811000000.0,17914000000.0,17914000000.0,16977000000,117966000000,1583000000.0,12708000000.0,32078000000.0,4022000000.0,3903000000.0,83583000000,58628000000.0,38315000000.0,1587000000.0,0.0,907000000.0,5711000000.0
250,DIS,2019-09-30,69607000000,14047000000,11549000000.0,0.0,2844000000.0,1246000000.0,31341000000.0,3026000000,11054000000,1803000000.0,5418000000.0,5418000000.0,19135000000,105107000000,1649000000.0,15481000000.0,31603000000.0,4876000000.0,3224000000.0,88877000000,46986000000.0,42494000000.0,2895000000.0,0.0,907000000.0,8857000000.0
251,AMGN,2023-12-31,25568000000,18097000000,6179000000.0,4784000000.0,685000000.0,2875000000.0,18392000000.0,1138000000,6717000000,535400000.0,10944000000.0,15458000000.0,8471000000,90922000000,9518000000.0,7942000000.0,5941000000.0,1112000000.0,0.0,6232000000,64613000000.0,-26549000000.0,4556000000.0,0.0,0.0,1443000000.0
252,AMGN,2022-12-31,51272000000,14987000000,5414000000.0,4434000000.0,661000000.0,1406000000.0,15687000000.0,794000000,6552000000,534000000.0,7629000000.0,10120000000.0,9721000000,61460000000,4930000000.0,6392000000.0,5427000000.0,936000000.0,815000000.0,3661000000,38900000000.0,-28622000000.0,4196000000.0,6360000000.0,0.0,1591000000.0
253,AMGN,2021-12-31,50799000000,14422000000,5368000000.0,6324000000.0,644000000.0,1197000000.0,12184000000.0,808000000,5893000000,558300000.0,7989000000.0,8868000000.0,9261000000,54465000000,4086000000.0,5839000000.0,5184000000.0,880000000.0,0.0,6700000000,33300000000.0,-24600000000.0,4013000000.0,4975000000.0,0.0,87000000.0
254,AMGN,2020-12-31,25424000000,7343000000,5730000000.0,4207000000.0,640000000.0,1262000000.0,11653000000.0,869000000,7264000000,578300000.0,6266000000.0,11124000000.0,10497000000,53539000000,3893000000.0,5324000000.0,4889000000.0,608000000.0,0.0,9409000000,32986000000.0,-21408000000.0,3755000000.0,3486000000.0,0.0,91000000.0
255,AMGN,2019-12-31,23362000000,5514000000,5150000000.0,4116000000.0,635000000.0,1289000000.0,12835000000.0,1296000000,7842000000,591400000.0,6037000000.0,9214000000.0,9150000000,50034000000,3584000000.0,4652000000.0,4928000000.0,618000000.0,799000000.0,9673000000,29903000000.0,-21330000000.0,3509000000.0,7702000000.0,0.0,2953000000.0
256,AMGN,2018-12-31,23747000000,5315000000,5332000000.0,3737000000.0,630000000.0,1392000000.0,13488000000.0,1151000000,8394000000,629600000.0,6945000000.0,29480000000.0,11296000000,53916000000,2940000000.0,3580000000.0,4958000000.0,738000000.0,683000000.0,12500000000,33929000000.0,-17977000000.0,3507000000.0,17794000000.0,0.0,4419000000.0
257,AMGN,2017-12-31,22849000000,5123000000,4870000000.0,3562000000.0,604000000.0,1304000000.0,9020000000.0,7618000000,1979000000,722200000.0,3800000000.0,41678000000.0,11177000000,54713000000,2834000000.0,3237000000.0,4989000000.0,664000000.0,1027000000.0,25241000000,35300000000.0,-5072000000.0,3365000000.0,3160000000.0,0.0,1152000000.0
258,AMGN,2016-12-31,22991000000,5261000000,5062000000.0,3840000000.0,619000000.0,1260000000.0,11204000000.0,1441000000,7722000000,738200000.0,3241000000.0,38085000000.0,10354000000,47751000000,2745000000.0,3165000000.0,4961000000.0,837000000.0,813000000.0,29875000000,34600000000.0,-438000000.0,2998000000.0,2965000000.0,0.0,4403000000.0
259,AMGN,2015-12-31,21662000000,4945000000,4846000000.0,4070000000.0,727000000.0,1095000000.0,8664000000.0,1039000000,6939000000,754000000.0,4144000000.0,31382000000.0,9731000000,43366000000,2435000000.0,2995000000.0,4907000000.0,649000000.0,579000000.0,28083000000,31429000000.0,-2086000000.0,2396000000.0,1867000000.0,0.0,2247000000.0
260,AMGN,2014-12-31,20063000000,5158000000,4699000000.0,4297000000.0,716000000.0,1089000000.0,7008000000.0,427000000,5158000000,760400000.0,3731000000.0,27026000000.0,8952000000,43231000000,2647000000.0,2546000000.0,5223000000.0,1003000000.0,522000000.0,25778000000,30715000000.0,-4624000000.0,1851000000.0,138000000.0,0.0,500000000.0
261,AMGN,2013-12-31,18676000000,3830000000,5184000000.0,4083000000.0,644000000.0,1022000000.0,7947000000.0,184000000,5081000000,754600000.0,3805000000.0,19401000000.0,6291000000,44029000000,3019000000.0,2697000000.0,5349000000.0,693000000.0,0.0,22096000000,32128000000.0,-7634000000.0,1415000000.0,832000000.0,0.0,2505000000.0
262,AMGN,2012-12-31,17265000000,3825000000,4814000000.0,3380000000.0,689000000.0,1079000000.0,8191000000.0,664000000,4345000000,756300000.0,3257000000.0,24061000000.0,5882000000,35238000000,2744000000.0,2518000000.0,5326000000.0,689000000.0,0.0,19060000000,26529000000.0,-10423000000.0,1118000000.0,4607000000.0,0.0,2495000000.0
263,AMGN,2011-12-31,15582000000,2714000000,4499000000.0,3167000000.0,679000000.0,610000000.0,5754000000.0,467000000,3683000000,795600000.0,6946000000.0,20641000000.0,5119000000,29842000000,2484000000.0,2896000000.0,5420000000.0,567000000.0,0.0,19029000000,21428000000.0,-8919000000.0,500000000.0,8315000000.0,0.0,84000000.0
264,AMGN,2010-12-31,15053000000,2613000000,3983000000.0,2894000000.0,594000000.0,604000000.0,6570000000.0,690000000,4627000000,932000000.0,3287000000.0,17422000000.0,5787000000,19542000000,2022000000.0,2335000000.0,5522000000.0,580000000.0,0.0,23944000000,13362000000.0,-3508000000.0,0.0,3786000000.0,0.0,2488000000.0
265,AMGN,2009-12-31,14642000000,2382000000,3820000000.0,2864000000.0,624000000.0,578000000.0,3873000000.0,599000000,4605000000,995000000.0,2884000000.0,13442000000.0,6336000000,16962000000,2220000000.0,2109000000.0,5738000000.0,530000000.0,0.0,22667000000,10601000000.0,-4322000000.0,0.0,3208000000.0,0.0,0.0
266,CAT,2023-12-31,67060000000,42767000000,6371000000.0,2108000000.0,1929000000.0,511000000.0,34728000000.0,2781000000,10335000000,499400000.0,6978000000.0,6978000000.0,12885000000,67973000000,16565000000.0,18820000000.0,12680000000.0,3092000000.0,0.0,19503000000,25800000000.0,51250000000.0,2563000000.0,4975000000.0,36339000000.0,13406000000.0
267,CAT,2022-12-31,59427000000,41350000000,5651000000.0,1814000000.0,1937000000.0,443000000.0,31531000000.0,2067000000,6705000000,516300000.0,7004000000.0,7004000000.0,7766000000,66052000000,16270000000.0,17869000000.0,12028000000.0,2599000000.0,0.0,15891000000,23662000000.0,43514000000.0,2440000000.0,4230000000.0,31748000000.0,5325000000.0
268,CAT,2021-12-31,50971000000,35513000000,5365000000.0,1686000000.0,2050000000.0,488000000.0,29847000000.0,1742000000,6489000000,535900000.0,9254000000.0,9254000000.0,7198000000,66277000000,14038000000.0,17375000000.0,12090000000.0,2472000000.0,12707000000.0,16516000000,23586000000.0,39282000000.0,2332000000.0,2668000000.0,27643000000.0,11756000000.0
269,CAT,2020-12-31,41748000000,29082000000,4642000000.0,1415000000.0,2122000000.0,514000000.0,25717000000.0,1006000000,2998000000,545300000.0,9352000000.0,9352000000.0,6327000000,62946000000,11402000000.0,16780000000.0,12401000000.0,2115000000.0,13407000000.0,15378000000,26663000000.0,35167000000.0,2243000000.0,1130000000.0,25178000000.0,11164000000.0
270,CAT,2019-12-31,53800000000,36630000000,5162000000.0,1693000000.0,2253000000.0,421000000.0,26621000000.0,1746000000,6093000000,550100000.0,8292000000.0,8284000000.0,6912000000,63824000000,11266000000.0,7648000000.0,12904000000.0,1056000000.0,13844000000.0,14629000000,27273000000.0,34437000000.0,2132000000.0,4047000000.0,24217000000.0,11376000000.0
271,CAT,2018-12-31,54722000000,36997000000,5478000000.0,1850000000.0,2435000000.0,404000000.0,28218000000.0,1698000000,6147000000,575500000.0,7890000000.0,7857000000.0,6558000000,64429000000,11529000000.0,7743000000.0,9085000000.0,1276000000.0,14447000000.0,14080000000,22195000000.0,30427000000.0,1951000000.0,3798000000.0,20531000000.0,11553000000.0
272,CAT,2017-12-31,45462000000,31260000000,4999000000.0,1842000000.0,2555000000.0,531000000.0,26931000000.0,3339000000,754000000,597600000.0,8320000000.0,8261000000.0,5706000000,63196000000,10018000000.0,0.0,9823000000.0,898000000.0,243000000.0,13766000000,20412000000.0,26301000000.0,1831000000.0,0.0,17005000000.0,11031000000.0
273,CAT,2016-12-31,38537000000,28044000000,4383000000.0,1853000000.0,2707000000.0,505000000.0,26132000000.0,192000000,-67000000,586500000.0,7199000000.0,7168000000.0,10142000000,61491000000,8614000000.0,14503000000.0,15322000000.0,1109000000.0,249000000.0,13213000000,19347000000.0,27377000000.0,1799000000.0,0.0,17478000000.0,13965000000.0
274,CAT,2015-12-31,47011000000,36410000000,4951000000.0,2119000000.0,2705000000.0,507000000.0,26242000000.0,916000000,2102000000,582300000.0,6511000000.0,6460000000.0,13399000000,63457000000,9700000000.0,15686000000.0,16090000000.0,1388000000.0,246000000.0,14885000000,19564000000.0,29246000000.0,1757000000.0,2000000000.0,17640000000.0,517000000.0
275,CAT,2014-12-31,55184000000,42809000000,6529000000.0,2380000000.0,2795000000.0,484000000.0,27877000000.0,692000000,3695000000,606200000.0,7341000000.0,7341000000.0,15209000000,67855000000,12205000000.0,16764000000.0,16577000000.0,1539000000.0,257000000.0,16826000000,22640000000.0,33887000000.0,1620000000.0,4238000000.0,15726000000.0,510000000.0
276,CAT,2013-12-31,55656000000,43689000000,5547000000.0,2046000000.0,2710000000.0,465000000.0,27297000000.0,1319000000,3789000000,637800000.0,6081000000.0,6081000000.0,10191000000,64018000000,12625000000.0,8413000000.0,17075000000.0,2522000000.0,272000000.0,20878000000,18720000000.0,31854000000.0,1111000000.0,2000000000.0,11854000000.0,0.0
277,CAT,2012-12-31,65875000000,49862000000,5919000000.0,2466000000.0,2421000000.0,467000000.0,29415000000.0,2528000000,5681000000,655000000.0,5490000000.0,5490000000.0,5241000000,71388000000,15547000000.0,10092000000.0,16461000000.0,3350000000.0,272000000.0,17582000000,53090000000.0,29558000000.0,1617000000.0,0.0,10074000000.0,0.0
278,CAT,2011-12-31,60138000000,46324000000,5203000000.0,2297000000.0,2240000000.0,1222000000.0,28357000000.0,1720000000,4928000000,647500000.0,3057000000.0,3057000000.0,7010000000,67816000000,14544000000.0,10285000000.0,14395000000.0,2515000000.0,133000000.0,13402000000,46248000000.0,25219000000.0,1159000000.0,0.0,10281000000.0,0.0
279,CAT,2010-12-31,42588000000,33088000000,4248000000.0,1905000000.0,2202000000.0,1257000000.0,22020000000.0,968000000,2700000000,638800000.0,3592000000.0,3592000000.0,5009000000,52695000000,9587000000.0,8494000000.0,12539000000.0,1575000000.0,164000000.0,11325000000,20437000000.0,21384000000.0,1084000000.0,0.0,10397000000.0,0.0
280,CAT,2009-12-31,32396000000,26742000000,3645000000.0,1421000000.0,2254000000.0,1434000000.0,18975000000.0,-270000000,895000000,624700000.0,4867000000.0,4867000000.0,6499000000,50738000000,6360000000.0,5611000000.0,12386000000.0,1504000000.0,105000000.0,9300000000,21847000000.0,19711000000.0,1029000000.0,0.0,10646000000.0,0.0
281,VZ,2023-12-31,133974000000,57919000000,32745000000.0,0.0,14937000000.0,5524000000.0,53223000000.0,4892000000,11614000000,4217000000.0,2065000000.0,2065000000.0,37475000000,327344000000,2057000000.0,25996000000.0,108310000000.0,24563000000.0,953000000.0,91774000000,150674000000.0,82915000000.0,11025000000.0,0.0,3821000000.0,12973000000.0
282,VZ,2022-12-31,136835000000,45169000000,30136000000.0,0.0,14592000000.0,3613000000.0,50171000000.0,6523000000,21256000000,4205000000.0,2605000000.0,2605000000.0,37141000000,328471000000,2388000000.0,24506000000.0,107434000000.0,26740000000.0,1071000000.0,90351000000,150489000000.0,82380000000.0,10805000000.0,0.0,4013000000.0,9963000000.0
283,VZ,2021-12-31,133613000000,41288000000,28658000000.0,0.0,14119000000.0,3485000000.0,47160000000.0,6802000000,22065000000,4169000000.0,2921000000.0,2921000000.0,39539000000,325165000000,3055000000.0,23846000000.0,99696000000.0,67882000000.0,1061000000.0,81252000000,150868000000.0,71993000000.0,10445000000.0,0.0,4104000000.0,7443000000.0
284,VZ,2020-12-31,128292000000,48939000000,31573000000.0,0.0,14275000000.0,4247000000.0,39660000000.0,5619000000,17801000000,4143000000.0,22171000000.0,22171000000.0,41768000000,281868000000,1796000000.0,23917000000.0,94833000000.0,20318000000.0,589000000.0,67507000000,128742000000.0,60464000000.0,10232000000.0,0.0,6719000000.0,5889000000.0
285,VZ,2019-12-31,131868000000,47256000000,29896000000.0,0.0,14371000000.0,4730000000.0,44868000000.0,2945000000,19265000000,4138000000.0,2594000000.0,2594000000.0,35746000000,263005000000,1422000000.0,25429000000.0,91915000000.0,18837000000.0,558000000.0,61173000000,111489000000.0,53147000000.0,10016000000.0,0.0,6820000000.0,10777000000.0
286,VZ,2018-12-31,130863000000,53178000000,31083000000.0,0.0,15186000000.0,4833000000.0,37930000000.0,3584000000,15528000000,4137000000.0,2745000000.0,2745000000.0,34339000000,262123000000,1336000000.0,25102000000.0,89286000000.0,16658000000.0,671000000.0,52792000000,112913000000.0,43542000000.0,9772000000.0,0.0,6986000000.0,7040000000.0
287,VZ,2017-12-31,126034000000,99838000000,28592000000.0,0.0,14741000000.0,4733000000.0,33037000000.0,-9956000000,30101000000,4087000000.0,2079000000.0,2079000000.0,24318000000,226874000000,1034000000.0,23493000000.0,88568000000.0,17247000000.0,1039000000.0,42680000000,116945000000.0,35635000000.0,9472000000.0,0.0,7139000000.0,3303000000.0
288,VZ,2016-12-31,125980000000,100013000000,28102000000.0,0.0,14227000000.0,4376000000.0,30340000000.0,7378000000,13127000000,4080000000.0,2880000000.0,2880000000.0,21689000000,233698000000,1202000000.0,17513000000.0,84751000000.0,17059000000.0,1110000000.0,22075000000,106960000000.0,15059000000.0,9262000000.0,0.0,7263000000.0,2477000000.0
289,VZ,2015-12-31,131620000000,97898000000,29986000000.0,0.0,14323000000.0,4920000000.0,35052000000.0,9865000000,17879000000,4073000000.0,4470000000.0,4820000000.0,39027000000,240940000000,1252000000.0,13457000000.0,83541000000.0,17775000000.0,1761000000.0,16000000000,108766000000.0,11246000000.0,8538000000.0,5134000000.0,7416000000.0,6325000000.0
290,VZ,2014-12-31,127079000000,107480000000,41016000000.0,0.0,14966000000.0,4915000000.0,27987000000.0,3314000000,9625000000,4160000000.0,10598000000.0,11153000000.0,30631000000,287182000000,1153000000.0,13993000000.0,89947000000.0,17191000000.0,1962000000.0,11874000000,110298000000.0,2447000000.0,7803000000.0,0.0,3263000000.0,2397000000.0
291,VZ,2013-12-31,120550000000,88582000000,27089000000.0,0.0,15019000000.0,2667000000.0,27050000000.0,5730000000,11497000000,2866000000.0,53528000000.0,54129000000.0,38818000000,224457000000,1020000000.0,12439000000.0,88956000000.0,16604000000.0,3432000000.0,38415000000,93144000000.0,1782000000.0,5936000000.0,153000000.0,3961000000.0,3486000000.0
292,VZ,2012-12-31,115846000000,102686000000,39951000000.0,0.0,14920000000.0,2571000000.0,26956000000.0,-660000000,875000000,2862000000.0,3093000000.0,3563000000.0,31486000000,184527000000,1075000000.0,12576000000.0,88642000000.0,16175000000.0,3401000000.0,32717000000,51487000000.0,-3734000000.0,5230000000.0,0.0,4071000000.0,3869000000.0
293,VZ,2011-12-31,110875000000,97995000000,35624000000.0,0.0,14991000000.0,2827000000.0,30761000000.0,285000000,2404000000,2836000000.0,13362000000.0,13954000000.0,29780000000,149836000000,940000000.0,11776000000.0,88434000000.0,16244000000.0,3448000000.0,35970000000,53218000000.0,1179000000.0,5555000000.0,0.0,5002000000.0,2915000000.0
294,VZ,2010-12-31,106565000000,93220000000,31366000000.0,0.0,14593000000.0,2523000000.0,30597000000.0,2467000000,2549000000,2830000000.0,6668000000.0,7213000000.0,33363000000,139044000000,1131000000.0,11781000000.0,87711000000.0,16458000000.0,3497000000.0,38569000000,52794000000.0,4368000000.0,5412000000.0,0.0,5267000000.0,7542000000.0
295,VZ,2009-12-31,107808000000,93781000000,30717000000.0,0.0,14564000000.0,3102000000.0,29136000000.0,1919000000,4894000000,2841000000.0,2009000000.0,2499000000.0,31390000000,142884000000,1426000000.0,12573000000.0,91985000000.0,16872000000.0,3535000000.0,41606000000,61156000000.0,7260000000.0,5271000000.0,0.0,5000000000.0,6105000000.0
296,INTC,2023-12-31,53879000000,39844000000,5634000000.0,16046000000.0,7847000000.0,878000000.0,28053000000.0,-913000000,1689000000,4228000000.0,7079000000.0,17955000000.0,11471000000,85982000000,11127000000.0,3461000000.0,96647000000.0,25750000000.0,5000000.0,105590000000,49266000000.0,69156000000.0,3088000000.0,0.0,0.0,2300000000.0
297,INTC,2022-12-31,61811000000,45099000000,7002000000.0,17528000000.0,11128000000.0,496000000.0,32155000000.0,-249000000,8014000000,4137000000.0,11144000000.0,17194000000.0,15433000000,80680000000,13224000000.0,4271000000.0,80860000000.0,24844000000.0,10000000.0,101423000000,38107000000.0,70405000000.0,5997000000.0,0.0,0.0,423000000.0
298,INTC,2021-12-31,78168000000,46217000000,6543000000.0,15190000000.0,9953000000.0,597000000.0,27462000000.0,1835000000,19868000000,4070000000.0,4827000000.0,2103000000.0,29456000000,73015000000,10776000000.0,9480000000.0,63245000000.0,18733000000.0,856000000.0,95391000000,38101000000.0,68265000000.0,5644000000.0,2415000000.0,0.0,4591000000.0
299,INTC,2020-12-31,76984000000,42390000000,6180000000.0,13556000000.0,10482000000.0,629000000.0,24754000000.0,4179000000,20899000000,4062000000.0,5865000000.0,2292000000.0,35864000000,72018000000,8427000000.0,6913000000.0,56584000000.0,14259000000.0,2210000000.0,81073000000,36401000000.0,56233000000.0,5568000000.0,14229000000.0,0.0,2500000000.0
300,INTC,2019-12-31,71052000000,36568000000,6350000000.0,13362000000.0,9204000000.0,489000000.0,22310000000.0,3010000000,21048000000,4290000000.0,4194000000.0,1082000000.0,33145000000,59020000000,8744000000.0,7735000000.0,55386000000.0,16213000000.0,3313000000.0,77504000000,29003000000.0,53523000000.0,5576000000.0,13576000000.0,0.0,3700000000.0
301,INTC,2018-12-31,69675000000,33989000000,6950000000.0,13543000000.0,7520000000.0,468000000.0,16626000000.0,2264000000,21053000000,4516000000.0,3019000000.0,5807000000.0,29432000000,53400000000,7253000000.0,6884000000.0,48976000000.0,15181000000.0,5012000000.0,74563000000,25859000000.0,50172000000.0,5541000000.0,10730000000.0,0.0,761000000.0
302,INTC,2017-12-31,64222000000,31727000000,7452000000.0,13035000000.0,6752000000.0,646000000.0,17421000000.0,10751000000,9601000000,4687000000.0,3433000000.0,14002000000.0,22110000000,53596000000,6983000000.0,5678000000.0,41109000000.0,11778000000.0,12404000000.0,69653000000,26776000000.0,42083000000.0,5072000000.0,3615000000.0,0.0,1739000000.0
303,INTC,2016-12-31,58654000000,35003000000,8377000000.0,12685000000.0,6266000000.0,733000000.0,20302000000.0,2620000000,10316000000,4730000000.0,5560000000.0,17099000000.0,43616000000,47101000000,5553000000.0,4776000000.0,36171000000.0,9625000000.0,15322000000.0,66226000000,25258000000.0,40747000000.0,4925000000.0,2587000000.0,0.0,4609000000.0
304,INTC,2015-12-31,55018000000,29850000000,7930000000.0,12128000000.0,7821000000.0,337000000.0,15646000000.0,2792000000,11420000000,4725000000.0,15308000000.0,25313000000.0,38034000000,40374000000,5167000000.0,5255000000.0,31858000000.0,7446000000.0,12374000000.0,61085000000,22707000000.0,37614000000.0,4556000000.0,3001000000.0,0.0,2602000000.0
305,INTC,2014-12-31,55678000000,29861000000,8136000000.0,11537000000.0,7380000000.0,192000000.0,16011000000.0,4097000000,11704000000,4748000000.0,2561000000.0,14054000000.0,40836000000,36035000000,4273000000.0,4427000000.0,33238000000.0,10105000000.0,12335000000.0,55865000000,13195000000.0,33418000000.0,4409000000.0,10792000000.0,0.0,1088000000.0
306,INTC,2013-12-31,52464000000,30757000000,8088000000.0,10611000000.0,6790000000.0,244000000.0,13568000000.0,2991000000,9620000000,4967000000.0,5674000000.0,20087000000.0,20776000000,34102000000,4172000000.0,3582000000.0,31428000000.0,10711000000.0,10002000000.0,58256000000,13165000000.0,35477000000.0,4479000000.0,2147000000.0,0.0,0.0
307,INTC,2012-12-31,53417000000,29454000000,8057000000.0,10148000000.0,6357000000.0,90000000.0,12898000000.0,3868000000,11005000000,4944000000.0,8478000000.0,18162000000.0,18884000000,33148000000,4734000000.0,3833000000.0,27983000000.0,11027000000.0,5909000000.0,51203000000,42686000000.0,32138000000.0,4350000000.0,4765000000.0,0.0,0.0
308,INTC,2011-12-31,54226000000,28835000000,7670000000.0,8350000000.0,5141000000.0,41000000.0,12028000000.0,4839000000,12942000000,5000000000.0,5065000000.0,14837000000.0,20963000000,25208000000,4096000000.0,3650000000.0,23627000000.0,10764000000.0,3120000000.0,45911000000,24534000000.0,29656000000.0,4127000000.0,14340000000.0,0.0,0.0
309,INTC,2010-12-31,43623000000,21681000000,6309000000.0,6576000000.0,4398000000.0,0.0,9327000000.0,4581000000,11464000000,5511000000.0,5498000000.0,21885000000.0,16692000000,13756000000,3757000000.0,2867000000.0,17899000000.0,5207000000.0,5825000000.0,49430000000,2077000000.0,32919000000.0,3503000000.0,1736000000.0,0.0,0.0
310,INTC,2009-12-31,35127000000,23728000000,7931000000.0,5653000000.0,4744000000.0,1000000.0,7591000000.0,1335000000,4369000000,5523000000.0,3987000000.0,13920000000.0,11170000000,11391000000,2935000000.0,2273000000.0,17225000000.0,4515000000.0,4952000000.0,41704000000,2049000000.0,26318000000.0,3108000000.0,1762000000.0,0.0,157000000.0
311,BA,2023-12-31,77794000000,70070000000,5168000000.0,3377000000.0,0.0,2560000000.0,95827000000.0,237000000,-2222000000,1012261159.0,12691000000.0,15965000000.0,5960000000,154240000000,10112000000.0,2649000000.0,10661000000.0,1527000000.0,1035000000.0,-17233000000,52055000000.0,27251000000.0,0.0,0.0,49549000000.0,5127000000.0
312,BA,2022-12-31,66608000000,63078000000,4187000000.0,2852000000.0,0.0,2650000000.0,90052000000.0,31000000,-4935000000,1012261159.0,14614000000.0,17220000000.0,3512000000,152948000000,9655000000.0,2517000000.0,10550000000.0,1222000000.0,983000000.0,-15883000000,56794000000.0,29473000000.0,10000000.0,0.0,50814000000.0,5125000000.0
313,BA,2021-12-31,62286000000,59269000000,4157000000.0,2249000000.0,0.0,2790000000.0,81992000000.0,-743000000,-4202000000,1012261159.0,8052000000.0,16200000000.0,-3416000000,153398000000,10717000000.0,2641000000.0,10918000000.0,980000000.0,975000000.0,-14999000000,57921000000.0,34408000000.0,24000000.0,0.0,51861000000.0,1235000000.0
314,BA,2020-12-31,58158000000,63843000000,4817000000.0,2476000000.0,0.0,2280000000.0,87280000000.0,-2535000000,-11873000000,1012261159.0,7752000000.0,25600000000.0,-18410000000,170211000000,11562000000.0,1955000000.0,11820000000.0,1303000000.0,1016000000.0,-18316000000,63380000000.0,38610000000.0,1158000000.0,0.0,52641000000.0,1628000000.0
315,BA,2019-12-31,76559000000,72093000000,3909000000.0,3219000000.0,0.0,867000000.0,97312000000.0,-1623000000,-636000000,1012261159.0,9485000000.0,10030000000.0,-2446000000,141925000000,10606000000.0,3266000000.0,12502000000.0,1961000000.0,1092000000.0,-8617000000,20964000000.0,50644000000.0,4630000000.0,2651000000.0,54914000000.0,1160000000.0
316,BA,2018-12-31,101127000000,81490000000,4567000000.0,3269000000.0,0.0,624000000.0,81590000000.0,1144000000,10460000000,1012261159.0,7637000000.0,8564000000.0,15322000000,117020000000,9814000000.0,3879000000.0,12645000000.0,1791000000.0,1087000000.0,339000000,11796000000.0,55941000000.0,3946000000.0,9000000000.0,52348000000.0,1238000000.0
317,BA,2017-12-31,94005000000,76612000000,4094000000.0,3179000000.0,0.0,541000000.0,74648000000.0,1649000000,8458000000,1012261159.0,8813000000.0,9992000000.0,13346000000,110706000000,72438000000.0,10516000000.0,12672000000.0,1870000000.0,1260000000.0,1656000000,10380000000.0,49618000000.0,3417000000.0,9236000000.0,43454000000.0,683000000.0
318,BA,2016-12-31,93496000000,79026000000,3616000000.0,4626000000.0,0.0,535000000.0,50134000000.0,749000000,5034000000,1012261159.0,8801000000.0,10029000000.0,10496000000,89180000000,70295000000.0,8832000000.0,12807000000.0,2613000000.0,1317000000.0,817000000,9815000000.0,40714000000.0,2756000000.0,7001000000.0,36097000000.0,327000000.0
319,BA,2015-12-31,96114000000,82088000000,3525000000.0,3331000000.0,0.0,497000000.0,50412000000.0,1979000000,5176000000,1012261159.0,11302000000.0,12052000000.0,9363000000,88073000000,75761000000.0,8713000000.0,12076000000.0,2450000000.0,1284000000.0,6335000000,9814000000.0,38756000000.0,2490000000.0,6751000000.0,29568000000.0,1181000000.0
320,BA,2014-12-31,90762000000,76752000000,3767000000.0,3047000000.0,0.0,504000000.0,48233000000.0,1691000000,5446000000,1012261159.0,11733000000.0,13092000000.0,8858000000,84256000000,76022000000.0,7729000000.0,11007000000.0,2236000000.0,1154000000.0,8665000000,8909000000.0,36180000000.0,2115000000.0,6001000000.0,23298000000.0,865000000.0
321,BA,2013-12-31,86623000000,73268000000,3956000000.0,3071000000.0,0.0,548000000.0,51486000000.0,1646000000,4585000000,1012261159.0,9088000000.0,15258000000.0,8179000000,77788000000,20401000000.0,6546000000.0,10224000000.0,2238000000.0,1204000000.0,14875000000,9483000000.0,32964000000.0,1467000000.0,2801000000.0,17671000000.0,1495000000.0
322,BA,2012-12-31,81698000000,68665000000,3717000000.0,3298000000.0,0.0,625000000.0,44982000000.0,2007000000,3900000000,1012261159.0,10341000000.0,13558000000.0,7508000000,83029000000,62725000000.0,5608000000.0,9660000000.0,1710000000.0,1180000000.0,5867000000,10231000000.0,30037000000.0,1322000000.0,0.0,15937000000.0,1340000000.0
323,BA,2011-12-31,68735000000,55888000000,3408000000.0,3918000000.0,1457000000.0,683000000.0,41274000000.0,1382000000,4018000000,1012261159.0,10049000000.0,11272000000.0,4023000000,76378000000,56499000000.0,5793000000.0,9313000000.0,1713000000.0,1043000000.0,3515000000,9175000000.0,27524000000.0,1244000000.0,0.0,16603000000.0,2256000000.0
324,BA,2010-12-31,64306000000,51843000000,3644000000.0,4121000000.0,1510000000.0,729000000.0,35395000000.0,1196000000,3307000000,1012261159.0,5359000000.0,10517000000.0,2952000000,65703000000,20188000000.0,5422000000.0,8931000000.0,1125000000.0,1111000000.0,2766000000,886000000.0,24784000000.0,1253000000.0,0.0,17187000000.0,807000000.0
325,BA,2009-12-31,68281000000,56540000000,3364000000.0,6506000000.0,1459000000.0,339000000.0,32883000000.0,396000000,1312000000,1012261159.0,9215000000.0,11223000000.0,5603000000,59828000000,19677000000.0,5785000000.0,8784000000.0,1186000000.0,1030000000.0,2128000000,12217000000.0,22746000000.0,1220000000.0,50000000.0,15911000000.0,669000000.0
326,IBM,2023-12-31,61860000000,27560000000,19003000000.0,6775000000.0,2109000000.0,1607000000.0,34122000000.0,1176000000,7502000000,915013646.0,13068000000.0,13068000000.0,13931000000,112628000000,1161000000.0,7725000000.0,-472000000.0,1245000000.0,125000000.0,22533000000,54588000000.0,151276000000.0,6040000000.0,0.0,169624000000.0,6304000000.0
327,IBM,2022-12-31,60530000000,27842000000,18609000000.0,6567000000.0,2407000000.0,1216000000.0,31505000000.0,-626000000,1639000000,906091977.0,7886000000.0,7886000000.0,10435000000,105222000000,1552000000.0,14209000000.0,5334000000.0,1346000000.0,142000000.0,21944000000,47190000000.0,149825000000.0,5948000000.0,0.0,169484000000.0,4676000000.0
328,IBM,2021-12-31,57350000000,25865000000,18745000000.0,6488000000.0,3888000000.0,1155000000.0,33619000000.0,124000000,5743000000,898068600.0,6650000000.0,6650000000.0,12796000000,113005000000,1649000000.0,14977000000.0,5694000000.0,2062000000.0,159000000.0,18901000000,56193000000.0,154209000000.0,5869000000.0,0.0,169392000000.0,6728000000.0
329,IBM,2020-12-31,55179000000,24314000000,20561000000.0,6262000000.0,4227000000.0,1288000000.0,39869000000.0,-1360000000,5590000000,892653424.0,13188000000.0,13812000000.0,18197000000,135244000000,1812000000.0,18738000000.0,6205000000.0,2618000000.0,172000000.0,20597000000,68416000000.0,162717000000.0,5797000000.0,0.0,169339000000.0,6956000000.0
330,IBM,2019-12-31,57714000000,26181000000,18724000000.0,5910000000.0,4209000000.0,1344000000.0,37701000000.0,60000000,9431000000,887110455.0,8172000000.0,8868000000.0,14770000000,131202000000,1619000000.0,23795000000.0,10010000000.0,2286000000.0,184000000.0,20841000000,65953000000.0,162954000000.0,5707000000.0,1361000000.0,169413000000.0,7522000000.0
331,IBM,2018-12-31,79591000000,42655000000,19366000000.0,5379000000.0,3127000000.0,723000000.0,38227000000.0,2619000000,8728000000,892479411.0,11379000000.0,11997000000.0,15247000000,106452000000,1682000000.0,30563000000.0,10792000000.0,3395000000.0,192000000.0,16796000000,42656000000.0,159206000000.0,5666000000.0,4443000000.0,168071000000.0,7051000000.0
332,IBM,2017-12-31,79139000000,42196000000,19680000000.0,5590000000.0,3021000000.0,615000000.0,37363000000.0,5642000000,5753000000,922179225.0,11972000000.0,12580000000.0,16724000000,107631000000,1583000000.0,31630000000.0,11116000000.0,3229000000.0,137000000.0,17594000000,45052000000.0,153126000000.0,5506000000.0,4340000000.0,163507000000.0,5214000000.0
333,IBM,2016-12-31,79919000000,41403000000,20869000000.0,5726000000.0,2837000000.0,630000000.0,36275000000.0,449000000,11872000000,945867403.0,7826000000.0,8527000000.0,17084000000,99078000000,1553000000.0,29245000000.0,10830000000.0,3567000000.0,119000000.0,18246000000,40893000000.0,152759000000.0,5256000000.0,3502000000.0,159050000000.0,6239000000.0
334,IBM,2015-12-31,81741000000,41057000000,20430000000.0,5247000000.0,2662000000.0,468000000.0,34269000000.0,2581000000,13190000000,965728725.0,7686000000.0,8194000000.0,17255000000,96071000000,1551000000.0,28554000000.0,10727000000.0,4151000000.0,282000000.0,14262000000,38699000000.0,146124000000.0,4897000000.0,4609000000.0,155518000000.0,5271000000.0
335,IBM,2014-12-31,92793000000,46386000000,23180000000.0,5437000000.0,3145000000.0,484000000.0,39581000000.0,4234000000,12016000000,990523759.0,8476000000.0,8476000000.0,16868000000,105257000000,2103000000.0,31831000000.0,10771000000.0,4183000000.0,350000000.0,11868000000,39593000000.0,137793000000.0,4265000000.0,13679000000.0,150715000000.0,4601000000.0
336,IBM,2013-12-31,98367000000,49683000000,23451000000.0,5743000000.0,3327000000.0,402000000.0,40154000000.0,3363000000,16476000000,1054390937.0,10716000000.0,11066000000.0,17485000000,103294000000,2310000000.0,30252000000.0,13821000000.0,4140000000.0,137000000.0,22792000000,36710000000.0,130042000000.0,4058000000.0,13859000000.0,137242000000.0,3854000000.0
337,IBM,2012-12-31,102874000000,52513000000,23463000000.0,5816000000.0,3392000000.0,459000000.0,43625000000.0,5541000000,16593000000,1117367676.0,10412000000.0,11129000000.0,19586000000,100229000000,2287000000.0,28705000000.0,13996000000.0,4717000000.0,120000000.0,18860000000,29680000000.0,117641000000.0,3773000000.0,11995000000.0,123131000000.0,5593000000.0
338,IBM,2011-12-31,106916000000,56778000000,23594000000.0,6258000000.0,3589000000.0,411000000.0,42123000000.0,5148000000,15849000000,1163182565.0,11922000000.0,11922000000.0,19846000000,96197000000,2595000000.0,28080000000.0,13883000000.0,4667000000.0,131000000.0,20138000000,27161000000.0,104857000000.0,3473000000.0,15046000000.0,110963000000.0,4306000000.0
339,IBM,2010-12-31,99870000000,53857000000,21837000000.0,6026000000.0,3657000000.0,368000000.0,40562000000.0,4890000000,14824000000,1227993544.0,10661000000.0,11651000000.0,19549000000,90279000000,2450000000.0,10834000000.0,14096000000.0,4754000000.0,122000000.0,23046000000,25863000000.0,92532000000.0,3177000000.0,15375000000.0,96161000000.0,4017000000.0
340,IBM,2009-12-31,95758000000,51973000000,20952000000.0,5820000000.0,3773000000.0,402000000.0,36002000000.0,4713000000,13425000000,1318329640.0,12183000000.0,13974000000.0,20773000000,86267000000,2494000000.0,10736000000.0,14165000000.0,4077000000.0,115000000.0,22637000000,24154000000.0,80900000000.0,2860000000.0,7429000000.0,81243000000.0,2222000000.0
341,HON,2023-12-31,36634000000,28874000000,5127000000.0,1456000000.0,659000000.0,19000000.0,18539000000.0,1487000000,5658000000,651800000.0,7925000000.0,8095000000.0,5340000000,45669000000,6178000000.0,7530000000.0,5462000000.0,1039000000.0,939000000.0,15856000000,18358000000.0,47979000000.0,2855000000.0,3715000000.0,38008000000.0,1710000000.0
342,HON,2022-12-31,35397000000,29892000000,5214000000.0,1478000000.0,657000000.0,21000000.0,19938000000.0,1412000000,4966000000,667600000.0,9627000000.0,10110000000.0,5274000000,45578000000,5538000000.0,7440000000.0,5471000000.0,766000000.0,945000000.0,16697000000,16853000000.0,45093000000.0,2719000000.0,4200000000.0,34443000000.0,1653000000.0
343,HON,2021-12-31,34343000000,29075000000,4798000000.0,1333000000.0,674000000.0,24000000.0,19508000000.0,1625000000,5542000000,684800000.0,10959000000.0,11523000000.0,6038000000,45901000000,5138000000.0,6830000000.0,5562000000.0,895000000.0,1222000000.0,18569000000,16057000000.0,42827000000.0,2626000000.0,3380000000.0,30462000000.0,1746000000.0
344,HON,2020-12-31,32678000000,27960000000,4772000000.0,1334000000.0,644000000.0,27000000.0,19197000000.0,1147000000,4779000000,696800000.0,14275000000.0,15220000000.0,6208000000,47037000000,4489000000.0,6827000000.0,5570000000.0,906000000.0,1051000000.0,17549000000,18787000000.0,39905000000.0,2592000000.0,3714000000.0,27229000000.0,2385000000.0
345,HON,2019-12-31,36905000000,30835000000,5519000000.0,1556000000.0,673000000.0,30000000.0,18098000000.0,1329000000,6143000000,711100000.0,9067000000.0,10416000000.0,6897000000,40185000000,4421000000.0,7493000000.0,5325000000.0,839000000.0,980000000.0,18494000000,12486000000.0,37693000000.0,2442000000.0,4400000000.0,23836000000.0,1317000000.0
346,HON,2018-12-31,42259000000,36367000000,6051000000.0,1809000000.0,721000000.0,367000000.0,18924000000.0,659000000,6765000000,729600000.0,9287000000.0,10910000000.0,6434000000,39593000000,4326000000.0,7508000000.0,5296000000.0,828000000.0,1179000000.0,18180000000,12628000000.0,33978000000.0,2272000000.0,4000000000.0,19771000000.0,2872000000.0
347,HON,2017-12-31,40309000000,34575000000,6087000000.0,1835000000.0,717000000.0,316000000.0,18861000000.0,5362000000,1545000000,750900000.0,7059000000.0,10817000000.0,5966000000,42968000000,4613000000.0,8866000000.0,5926000000.0,1031000000.0,1078000000.0,16502000000,13924000000.0,27481000000.0,2119000000.0,2889000000.0,15914000000.0,1351000000.0
348,HON,2016-12-31,39522000000,33487000000,5574000000.0,1864000000.0,726000000.0,338000000.0,16331000000.0,1603000000,4812000000,760800000.0,7843000000.0,9363000000.0,5498000000,34777000000,4366000000.0,8818000000.0,5793000000.0,1095000000.0,1004000000.0,19369000000,12409000000.0,28710000000.0,1915000000.0,2079000000.0,13366000000.0,227000000.0
349,HON,2015-12-31,38452000000,32158000000,5006000000.0,1856000000.0,672000000.0,310000000.0,18371000000.0,1739000000,4768000000,770400000.0,5455000000.0,5455000000.0,5519000000,31033000000,4420000000.0,8075000000.0,5789000000.0,1073000000.0,943000000.0,18283000000,6131000000.0,26147000000.0,1726000000.0,1884000000.0,11664000000.0,577000000.0
350,HON,2014-12-31,40091000000,35000000000,5518000000.0,1892000000.0,667000000.0,318000000.0,14773000000.0,1489000000,4239000000,782200000.0,6959000000.0,6959000000.0,10615000000,27794000000,4405000000.0,7960000000.0,5383000000.0,1094000000.0,919000000.0,17657000000,6985000000.0,23115000000.0,1510000000.0,924000000.0,9995000000.0,939000000.0
351,HON,2013-12-31,38856000000,34810000000,5190000000.0,1804000000.0,670000000.0,327000000.0,14181000000.0,1450000000,3924000000,783800000.0,6422000000.0,6422000000.0,4335000000,27968000000,4293000000.0,7929000000.0,5278000000.0,947000000.0,143000000.0,17467000000,7433000000.0,20383000000.0,1353000000.0,1073000000.0,9374000000.0,632000000.0
352,HON,2012-12-31,37278000000,34454000000,5218000000.0,1847000000.0,660000000.0,351000000.0,13045000000.0,944000000,2926000000,782800000.0,4634000000.0,4634000000.0,3517000000,28878000000,4235000000.0,7429000000.0,5001000000.0,884000000.0,424000000.0,12975000000,7020000000.0,17799000000.0,1211000000.0,317000000.0,8801000000.0,625000000.0
353,HON,2011-12-31,36529000000,28556000000,5399000000.0,1799000000.0,699000000.0,376000000.0,12275000000.0,417000000,2067000000,774700000.0,3698000000.0,3698000000.0,2833000000,29002000000,4264000000.0,7228000000.0,4804000000.0,790000000.0,362000000.0,10806000000,6896000000.0,16083000000.0,1091000000.0,1085000000.0,8948000000.0,15000000.0
354,HON,2010-12-31,32350000000,24721000000,4618000000.0,1450000000.0,707000000.0,386000000.0,11724000000.0,765000000,2022000000,783000000.0,2650000000.0,2650000000.0,4203000000,27168000000,3822000000.0,6841000000.0,4724000000.0,651000000.0,413000000.0,10666000000,6278000000.0,15097000000.0,944000000.0,0.0,8299000000.0,523000000.0
355,HON,2009-12-31,29951000000,23055000000,4323000000.0,1321000000.0,686000000.0,459000000.0,11147000000.0,436000000,1548000000,755121951.0,2801000000.0,2801000000.0,3946000000,27132000000,3446000000.0,6274000000.0,4847000000.0,-609000000.0,262000000.0,8861000000,7264000000.0,14023000000.0,918000000.0,0.0,8995000000.0,1018000000.0
356,AXP,2023-12-31,67364000000,50002000000,13513000000.0,0.0,0.0,6849000000.0,3860000000.0,2139000000,8374000000,723000000.0,46082000000.0,46248000000.0,18559000000,233051000000,110506000000.0,0.0,5138000000.0,1563000000.0,2186000000.0,28057000000,47866000000.0,19612000000.0,1780000000.0,3650000000.0,0.0,1293000000.0
357,AXP,2022-12-31,55625000000,43277000000,13036000000.0,0.0,0.0,2763000000.0,3878000000.0,2071000000,7514000000,743000000.0,33370000000.0,33677000000.0,21079000000,203643000000,36674000000.0,0.0,5215000000.0,1855000000.0,5000000000.0,24711000000,42573000000.0,16279000000.0,1565000000.0,3502000000.0,0.0,1000000000.0
358,AXP,2021-12-31,43663000000,31691000000,11498000000.0,0.0,0.0,1283000000.0,4771000000.0,2629000000,8060000000,761000000.0,21503000000.0,21691000000.0,14645000000,166371000000,75609000000.0,0.0,4988000000.0,1550000000.0,3000000000.0,22177000000,38675000000.0,13474000000.0,1448000000.0,7652000000.0,-271000000.0,2000000000.0
359,AXP,2020-12-31,38185000000,31791000000,11294000000.0,0.0,0.0,2098000000.0,4214000000.0,1161000000,3135000000,805000000.0,32359000000.0,32516000000.0,5591000000,168383000000,76399000000.0,0.0,5015000000.0,1478000000.0,22000000000.0,22984000000,42952000000.0,13837000000.0,1474000000.0,1029000000.0,-279000000.0,2000000000.0
360,AXP,2019-12-31,47020000000,35127000000,11804000000.0,0.0,0.0,3464000000.0,8871000000.0,1670000000,6759000000,810000000.0,23932000000.0,24155000000.0,13632000000,175250000000,80726000000.0,0.0,4834000000.0,1645000000.0,84998000000.0,23071000000,57835000000.0,13871000000.0,1422000000.0,0.0,-292000000.0,6442000000.0
361,AXP,2018-12-31,43281000000,32216000000,11058000000.0,0.0,0.0,2943000000.0,5264000000.0,1201000000,6921000000,847000000.0,27445000000.0,27611000000.0,8930000000,166312000000,0.0,0.0,4416000000.0,1310000000.0,5690000000.0,22290000000,58423000000.0,12499000000.0,1324000000.0,1600000000.0,-207000000.0,4128000000.0
362,AXP,2017-12-31,38990000000,26057000000,12991000000.0,0.0,0.0,2112000000.0,6257000000.0,4677000000,2748000000,859000000.0,32927000000.0,32997000000.0,13540000000,162935000000,0.0,0.0,4329000000.0,1062000000.0,4182000000.0,18261000000,55804000000.0,8307000000.0,1251000000.0,4300000000.0,-217000000.0,6115000000.0
363,AXP,2016-12-31,37143000000,24023000000,7568000000.0,0.0,0.0,1705000000.0,7636000000.0,2667000000,5375000000,904000000.0,25208000000.0,25208000000.0,13459000000,138392000000,0.0,0.0,4433000000.0,1375000000.0,3981000000.0,20523000000,46990000000.0,10371000000.0,1207000000.0,4400000000.0,0.0,7836000000.0
364,AXP,2015-12-31,34441000000,24880000000,7362000000.0,0.0,0.0,1623000000.0,6909000000.0,2775000000,5163000000,969000000.0,22762000000.0,22762000000.0,18824000000,140511000000,14992000000.0,0.0,4108000000.0,1341000000.0,58799000000.0,20673000000,48061000000.0,9665000000.0,1172000000.0,4500000000.0,0.0,53282000000.0
365,AXP,2014-12-31,32248000000,25301000000,8522000000.0,0.0,0.0,1707000000.0,5738000000.0,3106000000,5885000000,1023000000.0,22288000000.0,22288000000.0,20468000000,138430000000,0.0,0.0,3938000000.0,1195000000.0,70104000000.0,20673000000,57955000000.0,9513000000.0,1041000000.0,4389000000.0,0.0,62082000000.0
366,AXP,2013-12-31,30864000000,24205000000,6472000000.0,0.0,0.0,1958000000.0,5165000000.0,2529000000,5359000000,1064000000.0,19486000000.0,19486000000.0,8547000000,133879000000,0.0,0.0,3875000000.0,1006000000.0,66585000000.0,19496000000,55330000000.0,8507000000.0,939000000.0,3943000000.0,0.0,0.0
367,AXP,2012-12-31,29719000000,24290000000,6902000000.0,0.0,0.0,2226000000.0,3469000000.0,1969000000,4482000000,1105000000.0,22250000000.0,22250000000.0,7082000000,134254000000,0.0,0.0,3635000000.0,1053000000.0,64309000000.0,18886000000,58973000000.0,7525000000.0,902000000.0,3952000000.0,0.0,0.0
368,AXP,2011-12-31,28866000000,22147000000,6532000000.0,0.0,0.0,2320000000.0,3587000000.0,2057000000,4935000000,1164000000.0,24893000000.0,24893000000.0,10475000000,134543000000,0.0,0.0,3367000000.0,1189000000.0,61166000000.0,18794000000,59570000000.0,7221000000.0,861000000.0,2300000000.0,0.0,0.0
369,AXP,2010-12-31,27819000000,21175000000,5816000000.0,0.0,0.0,2423000000.0,3414000000.0,1907000000,4057000000,1197000000.0,654000000.0,654000000.0,8935000000,130459000000,0.0,0.0,2905000000.0,887000000.0,0.0,18794000000,66416000000.0,4972000000.0,867000000.0,590000000.0,0.0,0.0
370,AXP,2009-12-31,24523000000,20635000000,5080000000.0,0.0,0.0,2207000000.0,2344000000.0,704000000,2130000000,1192000000.0,4064000000.0,15542000000.0,6337000000,110739000000,0.0,0.0,2782000000.0,772000000.0,0.0,12637000000,77300000000.0,3737000000.0,924000000.0,0.0,0.0,0.0
371,GS,2023-12-31,108418000000,35515000000,5224000000.0,0.0,0.0,62164000000.0,185789000000.0,2223000000,8516000000,323376354.0,241577000000.0,255324000000.0,-12587000000,1524689000000,-390577000000.0,0.0,11244000000.0,2316000000.0,133750000000.0,116905000000,241877000000.0,143688000000.0,4189000000.0,5796000000.0,100445000000.0,49361000000.0
372,GS,2022-12-31,68711000000,33879000000,5533000000.0,0.0,0.0,21346000000.0,183654000000.0,2225000000,11261000000,334918639.0,241825000000.0,256717000000.0,8708000000,1324610000000,-1190082000000.0,0.0,17074000000.0,3748000000.0,134590000000.0,117189000000,247138000000.0,139372000000.0,3682000000.0,3500000000.0,94631000000.0,38635000000.0
373,GS,2021-12-31,64989000000,32295000000,4755000000.0,0.0,0.0,5650000000.0,239270000000.0,5409000000,21635000000,333573254.0,261036000000.0,279973000000.0,6298000000,1354062000000,-932417000000.0,0.0,-10810000000.0,4667000000.0,118900000000.0,109926000000,298476000000.0,131811000000.0,2725000000.0,5200000000.0,91136000000.0,18118000000.0
374,GS,2020-12-31,53498000000,32081000000,4014000000.0,0.0,0.0,8938000000.0,182239000000.0,3020000000,9459000000,344088725.0,155842000000.0,175623000000.0,-18535000000,1067096000000,-777886000000.0,0.0,-10120000000.0,6309000000.0,103800000000.0,95932000000,271891000000.0,112947000000.0,2336000000.0,1928000000.0,85940000000.0,25914000000.0
375,GS,2019-12-31,53922000000,25963000000,4251000000.0,0.0,0.0,17376000000.0,165214000000.0,2117000000,8466000000,347343184.0,133546000000.0,172279000000.0,23868000000,902703000000,-665260000000.0,0.0,-9950000000.0,8443000000.0,95680000000.0,90265000000,267973000000.0,106465000000.0,2104000000.0,5335000000.0,84006000000.0,30636000000.0
376,GS,2018-12-31,52528000000,24135000000,4078000000.0,0.0,0.0,15912000000.0,120125000000.0,2022000000,10459000000,367741973.0,130547000000.0,130547000000.0,16564000000,841611000000,0.0,0.0,-9080000000.0,7982000000.0,90220000000.0,90185000000,280631000000.0,100100000000.0,1810000000.0,3294000000.0,78670000000.0,27476000000.0
377,GS,2017-12-31,42911000000,20367000000,15309000000.0,0.0,0.0,10181000000.0,133460000000.0,6846000000,4286000000,374808805.0,110051000000.0,110051000000.0,-20489000000,834533000000,315988000000.0,0.0,-8280000000.0,3185000000.0,275000000.0,82243000000,276982000000.0,91519000000.0,1769000000.0,6772000000.0,75392000000.0,30090000000.0
378,GS,2016-12-31,37894000000,20166000000,14827000000.0,0.0,0.0,7104000000.0,106905000000.0,2906000000,7398000000,392632230.0,121711000000.0,121711000000.0,6494000000,773272000000,295952000000.0,0.0,-7680000000.0,2876000000.0,219000000.0,86893000000,242241000000.0,89039000000.0,1706000000.0,6078000000.0,68694000000.0,23528000000.0
379,GS,2015-12-31,39208000000,24855000000,16025000000.0,0.0,0.0,5388000000.0,86007000000.0,2695000000,6083000000,419480736.0,93439000000.0,75110000000.0,-32953000000,774667000000,293940000000.0,0.0,-7770000000.0,1833000000.0,258000000.0,86728000000,60311000000.0,83386000000.0,1681000000.0,4135000000.0,62640000000.0,25373000000.0
380,GS,2014-12-31,40085000000,22171000000,16057000000.0,0.0,0.0,5557000000.0,123904000000.0,3880000000,8477000000,430259102.0,75025000000.0,57600000000.0,20940000000,773045000000,312248000000.0,0.0,-8980000000.0,678000000.0,360000000.0,82797000000,221431000000.0,78984000000.0,1454000000.0,5469000000.0,58468000000.0,25126000000.0
381,GS,2013-12-31,40874000000,22469000000,14254000000.0,0.0,0.0,6668000000.0,214536000000.0,3697000000,8040000000,446359012.0,78867000000.0,61133000000.0,4543000000,833040000000,339121000000.0,0.0,9196000000.0,706000000.0,417000000.0,78467000000,218303000000.0,71961000000.0,1302000000.0,6175000000.0,53015000000.0,25312000000.0
382,GS,2012-12-31,41664000000,22956000000,14609000000.0,0.0,0.0,7501000000.0,203556000000.0,3732000000,7475000000,465148387.0,72669000000.0,72670000000.0,12879000000,862839000000,407011000000.0,0.0,-9050000000.0,961000000.0,453000000.0,75716000000,399470000000.0,65223000000.0,1086000000.0,4640000000.0,46850000000.0,25344000000.0
383,GS,2011-12-31,36793000000,22642000000,14166000000.0,0.0,0.0,7982000000.0,107059000000.0,1727000000,4442000000,485467565.0,56008000000.0,56000000000.0,21645000000,852846000000,364206000000.0,0.0,8697000000.0,1184000000.0,664000000.0,70379000000,416179000000.0,58834000000.0,2771000000.0,6048000000.0,42281000000.0,28836000000.0
384,GS,2010-12-31,36880000000,26269000000,17172000000.0,0.0,0.0,3459000000.0,193699000000.0,4538000000,8354000000,507530772.0,39788000000.0,39790000000.0,-6157000000,833976000000,356953000000.0,0.0,11106000000.0,1227000000.0,1445000000.0,77356000000,424583000000.0,57163000000.0,1443000000.0,4183000000.0,36295000000.0,25396000000.0
385,GS,2009-12-31,42875000000,25344000000,17244000000.0,0.0,0.0,3000000000.0,128360000000.0,6444000000,13385000000,515113890.0,38290000000.0,38290000000.0,48875000000,778228000000,342402000000.0,0.0,11380000000.0,1556000000.0,1484000000.0,70714000000,196288000000.0,50252000000.0,2205000000.0,2000000.0,32156000000.0,17928000000.0
386,MMM,2023-12-31,32681000000,18477000000,21526000000.0,1000000000.0,0.0,942000000.0,15297000000.0,-2691000000,-6995000000,552581136.0,5933000000.0,5933000000.0,6680000000,45712000000,4822000000.0,4750000000.0,9159000000.0,1615000000.0,74000000.0,4807000000,14240000000.0,37479000000.0,3311000000.0,33000000.0,32859000000.0,1152000000.0
387,MMM,2022-12-31,34229000000,19232000000,9049000000.0,1100000000.0,0.0,462000000.0,9523000000.0,612000000,5777000000,549245105.0,3655000000.0,3655000000.0,5591000000,31685000000,5372000000.0,4532000000.0,9178000000.0,1749000000.0,81000000.0,14722000000,15939000000.0,47950000000.0,3369000000.0,1464000000.0,33255000000.0,1938000000.0
388,MMM,2021-12-31,35355000000,18795000000,7197000000.0,1200000000.0,0.0,488000000.0,9035000000.0,1285000000,5921000000,571845478.0,4564000000.0,4564000000.0,7454000000,31955000000,4985000000.0,4660000000.0,9429000000.0,1603000000.0,129000000.0,15046000000,17347000000.0,45821000000.0,3420000000.0,2199000000.0,30463000000.0,1291000000.0
389,MMM,2020-12-31,32184000000,16605000000,6929000000.0,1100000000.0,0.0,529000000.0,7948000000.0,1337000000,5449000000,577749638.0,4634000000.0,404000000.0,8113000000,34413000000,4239000000.0,4705000000.0,9421000000.0,1501000000.0,164000000.0,12867000000,18783000000.0,43821000000.0,3388000000.0,368000000.0,29404000000.0,794000000.0
390,MMM,2019-12-31,32136000000,17136000000,7029000000.0,1253000000.0,0.0,448000000.0,9222000000.0,1114000000,4517000000,575184835.0,9000000.0,577000000.0,7070000000,34533000000,4134000000.0,4791000000.0,9333000000.0,1699000000.0,113000000.0,10063000000,19359000000.0,42135000000.0,3316000000.0,1407000000.0,29849000000.0,247000000.0
391,MMM,2018-12-31,32765000000,16682000000,7602000000.0,1253000000.0,0.0,350000000.0,7244000000.0,1637000000,5349000000,576575168.0,2853000000.0,393000000.0,6439000000,26652000000,4366000000.0,5020000000.0,8738000000.0,1577000000.0,107000000.0,9796000000,14156000000.0,40636000000.0,3193000000.0,4870000000.0,29626000000.0,17000000.0
392,MMM,2017-12-31,31657000000,16055000000,6626000000.0,1352000000.0,0.0,322000000.0,7687000000.0,2679000000,4858000000,594884237.0,3053000000.0,1076000000.0,6240000000,26365000000,4034000000.0,4911000000.0,8866000000.0,1373000000.0,177000000.0,11563000000,13198000000.0,39115000000.0,2803000000.0,2068000000.0,25887000000.0,13000000.0
393,MMM,2016-12-31,30109000000,15118000000,6311000000.0,1248000000.0,0.0,199000000.0,6219000000.0,1995000000,5050000000,596726278.0,2398000000.0,2678000000.0,6662000000,22563000000,3385000000.0,4392000000.0,8516000000.0,1420000000.0,146000000.0,10298000000,11478000000.0,37907000000.0,2678000000.0,3753000000.0,25434000000.0,9000000.0
394,MMM,2015-12-31,30274000000,15383000000,6229000000.0,1223000000.0,0.0,149000000.0,7118000000.0,1982000000,4833000000,609330124.0,1798000000.0,1916000000.0,6420000000,21415000000,3518000000.0,4154000000.0,8515000000.0,1461000000.0,117000000.0,11429000000,9878000000.0,36296000000.0,2561000000.0,5238000000.0,23308000000.0,8000000.0
395,MMM,2014-12-31,31821000000,16447000000,6469000000.0,1193000000.0,0.0,142000000.0,5964000000.0,2028000000,4956000000,635134594.0,1897000000.0,2523000000.0,13174000000,18067000000,3706000000.0,4238000000.0,8489000000.0,1493000000.0,102000000.0,13109000000,6760000000.0,34317000000.0,2216000000.0,5652000000.0,19307000000.0,8000000.0
396,MMM,2013-12-31,30871000000,16106000000,6384000000.0,1150000000.0,0.0,145000000.0,7498000000.0,1841000000,4659000000,663296239.0,2581000000.0,3337000000.0,5817000000,15602000000,3864000000.0,4253000000.0,8652000000.0,1665000000.0,122000000.0,17502000000,5912000000.0,32416000000.0,1730000000.0,5212000000.0,15385000000.0,17000000.0
397,MMM,2012-12-31,29943000000,15685000000,6102000000.0,1079000000.0,0.0,171000000.0,6200000000.0,1840000000,4444000000,687091650.0,2883000000.0,4531000000.0,5300000000,15836000000,3837000000.0,4061000000.0,8378000000.0,1484000000.0,163000000.0,17575000000,5902000000.0,30679000000.0,1635000000.0,2204000000.0,12407000000.0,19000000.0
398,MMM,2011-12-31,29650000000,15693000000,6170000000.0,1036000000.0,0.0,186000000.0,5441000000.0,1674000000,4283000000,694970041.0,2219000000.0,3680000000.0,5284000000,15754000000,3416000000.0,3867000000.0,7666000000.0,1379000000.0,155000000.0,15420000000,5047000000.0,28348000000.0,1555000000.0,2701000000.0,11679000000.0,13000000.0
399,MMM,2010-12-31,26662000000,13831000000,5479000000.0,919000000.0,0.0,201000000.0,6089000000.0,1592000000,4085000000,711977608.0,3377000000.0,4478000000.0,5174000000,14139000000,3155000000.0,3615000000.0,7279000000.0,1091000000.0,146000000.0,15663000000,5368000000.0,25995000000.0,1500000000.0,854000000.0,10266000000.0,12000000.0
400,MMM,2009-12-31,23123000000,12109000000,4907000000.0,838000000.0,0.0,219000000.0,4897000000.0,1388000000,3193000000,710599119.0,3040000000.0,3784000000.0,4941000000,13948000000,2639000000.0,3250000000.0,7000000000.0,903000000.0,103000000.0,12764000000,5619000000.0,23753000000.0,1431000000.0,17000000.0,10397000000.0,0.0
401,DOW,2023-12-31,44622000000,42330000000,1627000000.0,829000000.0,1932000000.0,868000000.0,9957000000.0,-4000000,589000000,703600000.0,2987000000.0,2987000000.0,5196000000,39360000000,6076000000.0,6614000000.0,21066000000.0,2356000000.0,4007000000.0,18607000000,15024000000.0,21774000000.0,1972000000.0,625000000.0,4374000000.0,117000000.0
402,DOW,2022-12-31,56902000000,50574000000,1675000000.0,851000000.0,1958000000.0,757000000.0,11331000000.0,1450000000,4582000000,709300000.0,3886000000.0,3886000000.0,7475000000,39885000000,6988000000.0,7755000000.0,20442000000.0,1823000000.0,4382000000.0,20718000000,15060000000.0,23180000000.0,2006000000.0,2325000000.0,3871000000.0,362000000.0
403,DOW,2021-12-31,54968000000,46307000000,1645000000.0,857000000.0,2063000000.0,817000000.0,13226000000.0,1740000000,6311000000,738200000.0,2988000000.0,2988000000.0,7009000000,44825000000,7372000000.0,9554000000.0,20555000000.0,1501000000.0,5238000000.0,18165000000,14511000000.0,20623000000.0,2073000000.0,1000000000.0,1625000000.0,125000000.0
404,DOW,2020-12-31,38542000000,33346000000,1471000000.0,768000000.0,2092000000.0,916000000.0,11108000000.0,777000000,1225000000,742000000.0,5104000000.0,5104000000.0,6226000000,49035000000,5701000000.0,7390000000.0,20239000000.0,1252000000.0,4102000000.0,12435000000,16951000000.0,16361000000.0,2071000000.0,125000000.0,625000000.0,406000000.0
405,DOW,2019-12-31,42951000000,36657000000,1590000000.0,765000000.0,2156000000.0,1038000000.0,10679000000.0,470000000,-1359000000,740100000.0,2367000000.0,2388000000.0,5930000000,46983000000,6214000000.0,7555000000.0,20996000000.0,1961000000.0,3992000000.0,13541000000,16410000000.0,17045000000.0,1550000000.0,500000000.0,500000000.0,403000000.0
406,TRV,2023-12-31,41364000000,63853000000,5176000000.0,0.0,0.0,376000000.0,806000000.0,380000000,2991000000,228200000.0,650000000.0,5787000000.0,7711000000,101057000000,-105268000000.0,0.0,0.0,0.0,83552000000.0,24921000000,217000000.0,45591000000.0,908000000.0,958000000.0,41105000000.0,100000000.0
407,TRV,2022-12-31,36884000000,56058000000,4810000000.0,0.0,0.0,351000000.0,545000000.0,512000000,2842000000,232100000.0,799000000.0,4269000000.0,6465000000,94157000000,0.0,32000000.0,952000000.0,0.0,81104000000.0,21560000000,225000000.0,43516000000.0,875000000.0,2000000000.0,40076000000.0,100000000.0
408,TRV,2021-12-31,34816000000,50330000000,4677000000.0,0.0,0.0,340000000.0,472000000.0,796000000,3662000000,241200000.0,761000000.0,4597000000.0,7274000000,91579000000,-21822000000.0,0.0,979000000.0,3000000.0,82539000000.0,28887000000,97000000.0,41555000000.0,869000000.0,2156000000.0,38015000000.0,100000000.0
409,TRV,2020-12-31,31981000000,47542000000,4509000000.0,0.0,0.0,339000000.0,370000000.0,540000000,2697000000,252400000.0,721000000.0,6684000000.0,6519000000,87563000000,-24033000000.0,0.0,1026000000.0,0.0,85026000000.0,29201000000,6450000000.0,38771000000.0,861000000.0,625000000.0,35815000000.0,100000000.0
410,TRV,2019-12-31,31581000000,47247000000,4365000000.0,0.0,0.0,344000000.0,1130000000.0,516000000,2622000000,255500000.0,494000000.0,5862000000.0,5205000000,84179000000,-22343000000.0,0.0,963000000.0,107000000.0,77884000000.0,25943000000,411000000.0,36977000000.0,844000000.0,1500000000.0,35143000000.0,500000000.0
411,TRV,2018-12-31,30282000000,45277000000,4297000000.0,0.0,0.0,352000000.0,967000000.0,438000000,2523000000,263600000.0,373000000.0,4726000000.0,4380000000,81339000000,0.0,12000000.0,904000000.0,74000000.0,67817000000.0,22894000000,916000000.0,35204000000.0,814000000.0,1270000000.0,33595000000.0,500000000.0
412,TRV,2017-12-31,28902000000,43333000000,4170000000.0,0.0,0.0,369000000.0,904000000.0,674000000,2056000000,271400000.0,344000000.0,5239000000.0,4148000000,79752000000,0.0,65000000.0,932000000.0,36000000.0,68042000000.0,23731000000,1421000000.0,33462000000.0,785000000.0,1378000000.0,32274000000.0,500000000.0
413,TRV,2016-12-31,27625000000,38340000000,4154000000.0,0.0,0.0,363000000.0,908000000.0,1039000000,3014000000,279600000.0,307000000.0,5172000000.0,4469000000,77024000000,0.0,0.0,928000000.0,48000000.0,70488000000.0,23221000000,1950000000.0,32196000000.0,757000000.0,2400000000.0,30834000000.0,450000000.0
414,TRV,2015-12-31,26815000000,35487000000,4094000000.0,0.0,0.0,373000000.0,819000000.0,1301000000,3439000000,295900000.0,380000000.0,5051000000.0,3434000000,76586000000,0.0,0.0,989000000.0,92000000.0,70470000000.0,23598000000,2350000000.0,29945000000.0,739000000.0,3150000000.0,28362000000.0,400000000.0
415,TRV,2014-12-31,27174000000,36534000000,3964000000.0,0.0,0.0,369000000.0,935000000.0,1397000000,3692000000,322200000.0,374000000.0,4738000000.0,7386000000,78242000000,0.0,0.0,0.0,33000000.0,73261000000.0,24836000000,2650000000.0,27251000000.0,729000000.0,3275000000.0,25138000000.0,400000000.0
416,TRV,2013-12-31,26191000000,31347000000,3757000000.0,0.0,0.0,361000000.0,316000000.0,1272000000,3673000000,353500000.0,294000000.0,4176000000.0,3816000000,79016000000,0.0,0.0,0.0,89000000.0,73160000000.0,24796000000,6261000000.0,24291000000.0,729000000.0,2400000000.0,21805000000.0,0.0
417,TRV,2012-12-31,25740000000,33077000000,3610000000.0,0.0,0.0,378000000.0,1199000000.0,693000000,2473000000,377400000.0,330000000.0,3813000000.0,3230000000,79533000000,0.0,0.0,0.0,95000000.0,74590000000.0,25405000000,14472000000.0,21352000000.0,694000000.0,0.0,19344000000.0,600000000.0
418,TRV,2011-12-31,25446000000,36202000000,3556000000.0,0.0,0.0,386000000.0,524000000.0,-74000000,1426000000,392800000.0,214000000.0,3808000000.0,2169000000,80098000000,0.0,0.0,0.0,65000000.0,73469000000.0,24477000000,8060000000.0,19579000000.0,665000000.0,0.0,17839000000.0,350000000.0
419,TRV,2010-12-31,25112000000,29826000000,3406000000.0,0.0,0.0,388000000.0,374000000.0,1090000000,3216000000,434600000.0,200000000.0,5816000000.0,3054000000,80181000000,0.0,0.0,0.0,0.0,73513000000.0,25475000000,7319000000.0,18847000000.0,673000000.0,0.0,14857000000.0,109000000.0
420,TRV,2009-12-31,24680000000,28182000000,3366000000.0,0.0,0.0,382000000.0,523000000.0,1089000000,3622000000,520300000.0,255000000.0,5107000000.0,4231000000,82145000000,-264000000.0,0.0,0.0,0.0,75790000000.0,27415000000,6154000000.0,16315000000.0,693000000.0,0.0,9791000000.0,373000000.0
