,tic,fiscalDateEnding,totalRevenue,costOfRevenue,sellingGeneralAndAdministrative,researchAndDevelopment,depreciation,interestExpense,totalCurrentLiabilities,incomeTaxExpense,netIncome,commonStockSharesOutstanding,cashAndCashEquivalentsAtCarryingValue,cashAndShortTermInvestments,operatingCashflow,totalLiabilities,inventory,currentNetReceivables,propertyPlantEquipment,capitalExpenditures,longTermInvestments,totalShareholderEquity,longTermDebt,retainedEarnings,dividendPayoutCommonStock,paymentsForRepurchaseOfCommonStock,treasuryStock,currentLongTermDebt
0,SYY,2023-06-30,76324675000,62369678000,6708566000,None,649800000,30921000,8540433000,515231000,1770124000,506546403,745201000,757968000,2867602000,20812523000,4480812000,5097785000,4915049000,793325000,107917000,2008622000,2920991000,11310664000,995985000,500093000,10629308000,24621000
1,SYY,2022-06-30,68636146000,56315622000,5884725000,None,640700000,28811000,8750054000,388005000,1358768000,510593952,867086000,873069000,1791286000,20703428000,4437498000,4874846000,4456420000,632802000,113965000,1382260000,10066931000,10539722000,958937000,499825000,10206888000,541490000
2,SYY,2021-06-30,51297843000,41941094000,4033310000,None,635000000,29939000,7319844000,60519000,524209000,512540762,3007123000,3007123000,1903842000,19860643000,3695219000,3790269000,4326063000,470676000,None,1552896000,10588184000,10151706000,917564000,0,9835216000,486141000
3,SYY,2020-06-30,52893310000,42991646000,4677992000,None,705200000,27330000,6717853000,77909000,215475000,508296453,6059427000,6059427000,1618680000,21469653000,3095085000,3001557000,4458567000,720423000,None,1158613000,12902485000,10563008000,856312000,844699000,9965590000,1542128000
4,SYY,2019-06-30,60113922000,48704935000,4759316999,None,656600000,21382000,6103183000,331565000,1674271000,514648468,513460000,513460000,2411207000,15463919000,3216034000,4201429000,4501705000,692391000,145409000,2502603000,8122058000,11229679000,775430000,1022033000,9349941000,37322000
5,SYY,2018-06-30,58727324000,47641933000,184100000,None,614800000,28474000,6588746000,525458000,1430766000,521301121,552325000,552325000,2155380000,15563447000,3125413000,4073723000,4521660000,687815000,None,2506957000,7540765000,10348628000,722158000,978901000,8581196000,782329000
6,SYY,2017-06-30,55371139000,44813632000,170500000,None,765400000,31852000,6095886000,623727000,1142503000,534127936,869502000,869502000,2232567000,15375139000,2995598000,4029153000,4377302000,686378000,None,2381516000,7660877000,9447755000,698647000,1886121000,7896043000,530075000
7,SYY,2016-06-30,49873085000,3394310000,100000000,None,608700000,47137000,4434456000,483385000,949622000,562275877,3919300000,3919300000,1988347000,13242196000,2639174000,3380971000,3880442000,527346000,36805000,3479608000,7336930000,9006138000,698869000,1949445000,6214727000,8909000
8,SYY,2015-06-30,48425945000,3410664000,229700000,None,495800000,28843000,9399615000,321374000,686773000,595259871,5298318000,5130044000,1555484000,12729057000,2691823000,3353381000,3982143000,542830000,12597000,5260224000,2271825000,8751985000,695274000,0,4547738000,4979301000
9,SYY,2014-06-30,46392971000,3168462000,210900000,None,493800000,9386000,4367630000,544091000,931533000,586544383,413046000,413046000,1492815000,7874418000,2602018000,3398713000,3985618000,523206000,None,5266695000,2384167000,8770751000,667217000,332381000,4765786000,304777000
10,SYY,2013-06-30,44282738000,3052148000,149700000,None,473500000,128495000,3662624000,555028000,992427000,592922729,412285000,412285000,1511594000,7486398000,2396188000,3183114000,3978071000,511862000,None,5191810000,2639986000,8512786000,648253000,721616000,4698838000,207301000
11,SYY,2012-06-30,42267543000,2813143000,5779530000,None,None,113396000,3423579000,662417000,1121585000,586891593,688867000,688867000,1404180000,7452167000,2178830000,-42919000,3883750000,784501000,None,4685040000,771731000,8175230000,622869000,272299000,4531678000,254650000
12,SYY,2011-06-30,39205222000,2624688000,5389646000,None,None,118267000,3575075000,675424000,1152030000,588727419,639765000,639765000,1091518000,6680313000,2073766000,2898283000,3512389000,636442000,None,4705242000,2279517000,7681669000,597071000,291600000,4369398000,207031000
13,SYY,2010-06-30,37118018000,2493276000,5131618000,None,None,125477000,3009198000,669606000,1179983000,591277159,585443000,608954000,885428000,6486175000,1771539000,2617352000,3203823000,594604000,None,3827526000,2472662000,7134139000,579763000,179174000,4408370000,7970000
14,YUM,2023-12-31,7076000000,3264000000,1397000000,None,None,604000000,1277000000,221000000,1597000000,281000000,512000000,512000000,1603000000,14089000000,-24000000,757000000,1197000000,285000000,124000000,-7858000000,22364000000,-7616000000,678000000,50000000,None,56000000
15,YUM,2022-12-31,6842000000,3164000000,1341000000,None,None,561000000,1665000000,337000000,1325000000,283000000,367000000,367000000,1427000000,14722000000,442000000,680000000,1171000000,279000000,116000000,-8876000000,23959000000,-8507000000,649000000,1200000000,None,405000000
16,YUM,2021-12-31,6584000000,3082000000,1261000000,None,None,555000000,1415000000,99000000,1575000000,294000000,486000000,486000000,1706000000,14339000000,312000000,646000000,1207000000,230000000,118000000,-8373000000,22457000000,-8048000000,592000000,1591000000,None,75000000
17,YUM,2020-12-31,5652000000,3037000000,1277000000,None,None,561000000,1675000000,116000000,904000000,302000000,730000000,730000000,1305000000,13743000000,None,569000000,1235000000,160000000,31000000,-7891000000,21394000000,-7480000000,566000000,239000000,None,463000000
18,YUM,2019-12-31,5597000000,2474000000,1170000000,None,None,522000000,1541000000,79000000,1294000000,303000000,605000000,605000000,1315000000,13247000000,-6000000,623000000,1170000000,196000000,137000000,-8016000000,21060000000,-7628000000,511000000,815000000,None,441000000
19,YUM,2018-12-31,5688000000,2717000000,1083000000,None,None,496000000,1301000000,297000000,1542000000,313000000,292000000,292000000,1176000000,12056000000,None,561000000,1237000000,234000000,214000000,-7926000000,20097000000,-7592000000,462000000,2390000000,None,331000000
20,YUM,2017-12-31,5878000000,197000000,214000000,22000000,None,473000000,1512000000,934000000,1340000000,335000000,1522000000,1522000000,1030000000,11645000000,13000000,400000000,1697000000,318000000,40000000,-6334000000,19495000000,-6063000000,416000000,1960000000,None,386000000
21,YUM,2016-12-31,6356000000,236000000,222000000,24000000,None,333000000,1306000000,0,1643000000,364000000,725000000,725000000,1627000000,11068000000,37000000,370000000,2113000000,422000000,71000000,-5612000000,18099000000,-5223000000,744000000,None,None,66000000
22,YUM,2015-12-31,6418000000,270000000,254000000,25000000,None,153000000,3087000000,489000000,1283000000,433000000000000,737000000,737000000,2139000000,7086000000,229000000,418000000,4189000000,973000000,61000000,911000000,3800000000,1150000000,730000000,None,None,312000000
23,YUM,2014-12-31,13279000000,11949000000,2008000000,30000000,None,152000000,2409000000,406000000,1051000000,441000000,578000000,578000000,2049000000,6721000000,301000000,380000000,4498000000,1033000000,52000000,1547000000,3200000000,1737000000,669000000,820000000,None,264000000
24,YUM,2013-12-31,13084000000,11958000000,2019000000,31000000,None,270000000,2265000000,487000000,1091000000,449000000,573000000,583000000,2139000000,6427000000,294000000,319000000,4459000000,1049000000,53000000,2166000000,2800000000,2102000000,615000000,770000000,None,None
25,YUM,2012-12-31,13633000000,12131000000,2118000000,30000000,None,169000000,2279000000,537000000,1597000000,455000000,776000000,776000000,2294000000,6701000000,313000000,301000000,4250000000,1099000000,72000000,2154000000,2800000000,2286000000,544000000,965000000,None,None
26,YUM,2011-12-31,12626000000,11250000000,1965000000,34000000,None,184000000,2450000000,324000000,1319000000,463000000,1198000000,1198000000,2170000000,6918000000,273000000,286000000,4042000000,940000000,167000000,1823000000,3000000000,2052000000,481000000,752000000,None,None
27,YUM,2010-12-31,11343000000,10676000000,1834000000,33000000,None,195000000,2448000000,416000000,1158000000,486000000,1426000000,1426000000,1968000000,6647000000,189000000,256000000,3830000000,796000000,154000000,1576000000,3557000000,1717000000,412000000,371000000,None,673000000
28,YUM,2009-12-31,10836000000,9273000000,1221000000,31000000,None,212000000,1653000000,313000000,1071000000,483000000,353000000,353000000,1404000000,6034000000,122000000,239000000,3899000000,797000000,None,1025000000,3227000000,996000000,362000000,0,None,56000000
29,CTVA,2023-12-31,17226000000,13780000000,3176000000,1337000000,528000000,233000000,10409000000,152000000,735000000,701260000,2644000000,2742000000,1769000000,17959000000,6899000000,5488000000,4287000000,595000000,115000000,25037000000,2630000000,-41000000,439000000,756000000,None,196000000
30,CTVA,2022-12-31,17455000000,14312000000,3173000000,1216000000,521000000,79000000,10744000000,210000000,1147000000,713419000,3191000000,3315000000,872000000,17316000000,6811000000,5701000000,4254000000,605000000,102000000,25302000000,1172000000,250000000,418000000,1000000000,None,0
31,CTVA,2021-12-31,15655000000,13152000000,3209000000,1187000000,521000000,0,9558000000,524000000,1759000000,726527000,4459000000,4545000000,2727000000,16960000000,5180000000,4811000000,4329000000,573000000,76000000,25384000000,1121000000,524000000,397000000,950000000,None,1000000
32,CTVA,2020-12-31,14217000000,12234000000,3043000000,1142000000,495000000,0,8548000000,-81000000,681000000,743458000,3526000000,3795000000,2064000000,17825000000,4882000000,4926000000,4396000000,475000000,66000000,24824000000,1167000000,0,388000000,275000000,None,1000000
33,CTVA,2019-12-31,13846000000,12347000000,3065000000,1147000000,525000000,1000000,8238000000,-46000000,-959000000,748577000,1764000000,1769000000,1070000000,18088000000,5032000000,5528000000,4546000000,1163000000,66000000,24309000000,115000000,-425000000,511000000,25000000,None,1000000
34,DG,2023-02-03,37844863000,26024765000,8491796000,None,717800000,211273000,5887768000,700625000,2415989000,219105000,381576000,381576000,1984555000,23541595000,6760733000,135775000,5236309000,1560582000,None,5541772000,7009399000,1656140000,493726000,2748014000,None,None
35,DG,2022-01-28,34062923000,31002374000,7592331000,None,635900000,157526000,5979357000,663917000,2399232000,230016000,344829000,344829000,2865811000,20065385000,5614325000,97394000,4346127000,1070460000,None,6261986000,4172068000,2473999000,392188000,2549669000,None,None
36,DG,2021-01-29,33596454000,30194774000,7164097000,None,569300000,150385000,5710783000,749330000,2655050000,240785000,1376577000,1376577000,3876159000,19201386000,5247477000,90760000,3899997000,1027963000,None,6661238000,4130975000,3006102000,355926000,2466434000,None,None
37,DG,2020-01-31,27653399000,25455269000,6186757000,None,500400000,100574000,4543005000,489175000,1712555000,251936000,240320000,240320000,2237998000,16122584000,4676848000,76537000,3278359000,784843000,None,6702500000,2911993000,3162660000,327568000,1200376000,None,555000
38,DG,2019-02-01,25524153000,23512837000,5687564000,None,454100000,99871000,3015857000,425944000,1589472000,259511000,235487000,235487000,2143550000,6786645000,4097004000,57804000,2970806000,734380000,None,6417393000,2862740000,2941107000,306523000,1007494000,None,1950000
39,DG,2018-02-02,23370429000,21470949000,5213541000,None,403300000,97036000,2964878000,368320000,1538960000,268733000,267441000,267441000,1802108000,6391137000,3609025000,108265000,2701282000,646456000,None,6125774000,2604613000,2698352000,282931000,579712000,None,401345000
40,DG,2017-02-03,21888777000,19929449000,4719189000,None,378300000,97821000,2622805000,714495000,1251133000,275212000,187915000,187915000,1605041000,6266004000,3258785000,11050000,2434456000,560296000,None,5406294000,2710576000,2015867000,281135000,990474000,None,500950000
41,DG,2016-01-29,20281292000,18441168000,4365797000,None,350600000,86944000,1995596000,687944000,1165080000,286694000,157947000,157947000,1391686000,5880009000,3074153000,6843000,2264062000,504806000,None,5377876000,2965533000,2025545000,258328000,1299613000,None,1379000
42,DG,2015-01-30,18821356000,17148195000,4033414000,None,335900000,88232000,1962472000,615516000,1065345000,303447000,579823000,579823000,2645835000,5498604000,2782521000,None,2116075000,373967000,None,5710038000,2639427000,2403045000,258328000,800095000,None,101158000
43,DG,2014-01-31,17396312000,15780382000,3699557000,None,315300000,88984000,1811971000,603214000,1025116000,317058000,505566000,505566000,1213065000,5465331000,2552993000,None,2080305000,538444000,None,5402193000,2742788000,2125453000,None,620052000,None,75966000
44,DG,2013-02-01,15863582000,14386452000,3430125000,None,277200000,127926000,1738547000,544732000,952662000,327069000,140809000,140809000,1131352000,5382352000,2397175000,None,2088665000,571596000,None,4985330000,2771336000,1710732000,None,671459000,None,892000
45,DG,2012-02-03,14541985000,13338384000,3207106000,None,243700000,204900000,1509902000,458604000,765654000,338089000,126126000,126126000,1050480000,5013938000,2009206000,None,1794960000,514861000,None,4674582000,2617891000,1416918000,1157800000,186597000,None,590000
46,AME,2023-12-31,6515155000,5227127000,677006000,220800000,122500000,81795000,2882573000,293224000,1313188000,230900000,409804000,409804000,1735296000,6293342000,1132471000,1012932000,891293000,136249000,None,8730191000,3313347000,9940343000,230329000,7772000,1896613000,1417915000
47,AME,2022-12-31,6070928000,4969265000,644577000,198800000,113700000,83186000,1564202000,269150000,1159542000,230100000,345386000,345386000,1149373000,4954608000,1044284000,919335000,635641000,139005000,382479000,7476512000,2385007000,8857485000,202169000,332821000,1902964000,226079000
48,AME,2021-12-31,5472482000,4529956000,603944000,194200000,108500000,80381000,1563314000,233117000,990053000,231700000,346772000,346772000,1160457000,5026303000,769175000,829213000,617138000,110671000,375005000,6871884000,2544241000,7900113000,184595000,14711000,1573000000,315093000
49,AME,2020-12-31,4594987000,3811320000,515630000,158900000,101300000,86062000,1075915000,209870000,872439000,230500000,1212822000,1212822000,1280980000,4408137000,559171000,597472000,526530000,74199000,292625000,5949346000,2413725000,7094656000,165035000,4685000,1565270000,132284000
50,AME,2019-12-31,5070076000,4215219000,610280000,161900000,101400000,88481000,1425858000,208451000,861297000,229100000,393030000,393030000,1114422000,4729067000,624567000,744760000,548908000,102346000,279790000,5115492000,2768741000,6387612000,127496000,11924000,1574464000,43025000
51,AME,2018-12-31,4763692000,3969822000,584022000,141000000,85400000,82180000,1258704000,209812000,777933000,227100000,353975000,353975000,925518000,4420366000,624744000,732839000,554130000,82076000,256210000,4241922000,2632713000,5653811000,128911000,367678000,1570184000,358876000
52,AME,2017-12-31,4202141000,3621403000,535180000,130400000,82000000,98029000,1138663000,115259000,681470000,231200000,646300000,646300000,833259000,3768431000,540504000,668176000,493296000,75074000,239129000,4027633000,2174289000,5002419000,82735000,6867000,1209135000,308123000
53,AME,2016-12-31,3745783000,3305306000,463609000,112000000,74800000,94304000,924441000,180945000,512158000,229400000,717259000,717259000,756835000,3844161000,492104000,592326000,473230000,63280000,146283000,3256513000,2341565000,4403683000,83267000,336140000,1211539000,278921000
54,AME,2015-12-31,3882500000,685152000,448592000,116300000,68700000,91795000,1024021000,215521000,590859000,235500000,381005000,381005000,1284183000,3405824000,514451000,603295000,484548000,69083000,180775000,3254626000,1938040000,3974793000,85988000,435400000,885430000,71925000
55,AME,2014-12-31,3942036000,650221000,462637000,119300000,63700000,79928000,936144000,220372000,584460000,241300000,377615000,377615000,1355514000,3181402000,495896000,585462000,448446000,71327000,154322000,3239561000,1714026000,3469923000,80551000,245283000,457807000,198101000
56,AME,2013-12-31,3520564000,558734000,398177000,93900000,57238000,73572000,874545000,207796000,516999000,245000000,295203000,295203000,660659000,2741781000,452848000,536701000,402790000,63314000,223694000,3136121000,1415065000,2966015000,58405000,8467000,215936000,273315000
57,AME,2012-12-31,3260841000,525003000,380532000,84900000,53677000,75472000,879969000,203343000,459132000,243400000,157984000,157984000,612464000,2654905000,428935000,507850000,383483000,57427000,None,2535151000,1453775000,2507419000,53083000,4642000,211374000,320654000
58,AME,2011-12-31,2920185000,471753000,349321000,78000000,48873000,69729000,628875000,172178000,384464000,160400000,170392000,174955000,508565000,2266685000,380471000,438245000,325329000,50816000,None,2052805000,1263924000,2101615000,38366000,59336000,209773000,140508000
59,AME,2010-12-31,2403430000,420821000,296482000,56800000,45420000,67522000,550859000,122318000,283932000,160700000,163208000,168853000,423013000,2043711000,335253000,399913000,318126000,39183000,None,1775204000,1168512000,1755742000,28554000,78609000,153551000,97152000
60,AME,2009-12-31,2029605000,319643000,254143000,50500000,42209000,68750000,424282000,88863000,205770000,161800000,246356000,251350000,364671000,1679008000,311542000,331383000,310053000,33062000,None,1567024000,1041681000,1500471000,25579000,0,83333000,None
61,BKR,2023-12-31,25330000000,3226000000,2611000000,658000000,830000000,216000000,12991000000,685000000,1943000000,2000000000,2646000000,975000000,3062000000,21577000000,5094000000,7075000000,4893000000,1224000000,979000000,15368000000,6093000000,-8819000000,786000000,538000000,None,148000000
62,BKR,2022-12-31,20453000000,3445000000,2510000000,556000000,839000000,252000000,11075000000,600000000,-601000000,2017000000,1883000000,748000000,1888000000,19787000000,4587000000,5958000000,4538000000,989000000,919000000,14394000000,6733000000,-10761000000,726000000,828000000,None,677000000
63,BKR,2021-12-31,20203000000,2868000000,2470000000,492000000,852000000,299000000,9128000000,758000000,-219000000,2059000000,3252000000,1033000000,2374000000,20478000000,3979000000,5651000000,4877000000,856000000,None,14830000000,6790000000,-10160000000,592000000,434000000,None,40000000
64,BKR,2020-12-31,20088000000,19958000000,2404000000,595000000,1009000000,264000000,10227000000,559000000,-9940000000,1035000000,3445000000,1502000000,1304000000,25114000000,4421000000,5622000000,5358000000,974000000,None,12893000000,7726000000,-9942000000,488000000,0,None,889000000
65,BKR,2019-12-31,23463000000,3539000000,2832000000,687000000,1053000000,237000000,10014000000,482000000,128000000,1027000000,2147000000,24000000,2126000000,31440000000,4608000000,6416000000,6240000000,1240000000,None,21929000000,6502000000,0,395000000,0,None,201000000
66,BKR,2018-12-31,22825000000,3692000000,2699000000,700000000,1031000000,223000000,9020000000,258000000,195000000,1035000000,2515000000,39000000,1762000000,34974000000,4620000000,5969000000,6228000000,995000000,None,17465000000,7231000000,25000000,315000000,387000000,None,942000000
67,BKR,2017-12-31,17128000000,17537000000,2535000000,501000000,716000000,131000000,9227000000,45000000,-103000000,1129000000,7030000000,7023000000,-799000000,42223000000,4507000000,6015000000,6959000000,665000000,None,14277000000,6951000000,-103000000,155000000,174000000,None,639000000
68,HAL,2023-12-31,23020000000,256000000,226000000,408000000,None,395000000,5608000000,701000000,2638000000,889000000,2264000000,2264000000,3458000000,15250000000,3226000000,4860000000,4900000000,1379000000,None,9391000000,404000000,12536000000,576000000,800000000,5540000000,None
69,HAL,2022-12-31,20258000000,696000000,240000000,345000000,None,375000000,5345000000,515000000,1572000000,902000000,2346000000,2346000000,2242000000,15278000000,2923000000,4627000000,4348000000,1011000000,None,7948000000,428000000,10572000000,435000000,250000000,5108000000,None
70,HAL,2021-12-31,15299000000,236000000,204000000,321000000,None,469000000,4306000000,-216000000,1457000000,896000000,3044000000,3044000000,1911000000,15593000000,2361000000,3666000000,4326000000,799000000,None,6713000000,9134000000,9710000000,161000000,0,5511000000,7000000
71,HAL,2020-12-31,14281000000,4506000000,182000000,309000000,None,505000000,4421000000,-278000000,-2945000000,885000000,2563000000,2563000000,1881000000,15697000000,2349000000,3071000000,4325000000,728000000,None,4974000000,5029000000,8691000000,278000000,100000000,6021000000,695000000
72,HAL,2019-12-31,22413000000,3210000000,227000000,404000000,None,569000000,4878000000,7000000,-1131000000,878000000,2268000000,2268000000,2445000000,17352000000,3139000000,4577000000,7310000000,1530000000,None,8012000000,5211000000,11989000000,630000000,100000000,6427000000,11000000
73,HAL,2018-12-31,23995000000,519000000,254000000,390000000,None,554000000,4802000000,157000000,1656000000,871000000,2008000000,2008000000,3157000000,16438000000,3028000000,5234000000,8873000000,2026000000,None,9522000000,4184000000,13739000000,630000000,400000000,6744000000,34000000
74,HAL,2017-12-31,20724000000,19258000000,256000000,360000000,None,593000000,4862000000,1131000000,-463000000,873000000,2337000000,2337000000,2468000000,16736000000,2396000000,5036000000,8521000000,1373000000,36000000,8322000000,10870000000,12668000000,626000000,0,6757000000,512000000
75,HAL,2016-12-31,15887000000,25512000000,228000000,329000000,None,639000000,4023000000,-1858000000,-5763000000,866000000,4009000000,4009000000,-1703000000,17552000000,2275000000,3922000000,8532000000,798000000,None,9409000000,12384000000,14141000000,620000000,0,7153000000,170000000
76,HAL,2015-12-31,23633000000,25254000000,200000000,487000000,None,447000000,5337000000,-274000000,-671000000,856000000,10077000000,10077000000,2906000000,21447000000,2993000000,5317000000,12117000000,2184000000,33000000,15462000000,15346000000,20524000000,614000000,0,7650000000,659000000
77,HAL,2014-12-31,32870000000,27968000000,309000000,601000000,None,383000000,5866000000,1275000000,3500000000,848000000,2291000000,2291000000,4062000000,15867000000,3571000000,7564000000,12475000000,3283000000,47000000,16267000000,7779000000,21809000000,533000000,800000000,8131000000,14000000
78,HAL,2013-12-31,29402000000,25264000000,333000000,588000000,None,331000000,5026000000,648000000,2125000000,849000000,2356000000,2356000000,4447000000,15608000000,3305000000,6181000000,11322000000,2934000000,None,13581000000,8697000000,18842000000,465000000,4356000000,8049000000,0
79,HAL,2012-12-31,28503000000,24344000000,275000000,460000000,None,298000000,4752000000,1235000000,2635000000,929000000,2484000000,2484000000,3654000000,11620000000,3186000000,5787000000,10257000000,3566000000,None,15765000000,4865000000,17182000000,333000000,0,4276000000,None
80,HAL,2011-12-31,24829000000,20092000000,281000000,401000000,None,263000000,4121000000,1439000000,2839000000,921000000,2698000000,2848000000,3684000000,10461000000,2570000000,5084000000,8492000000,2953000000,None,13198000000,4820000000,14880000000,330000000,0,4547000000,None
81,HAL,2010-12-31,17973000000,16095000000,229000000,366000000,None,308000000,2757000000,853000000,1835000000,910000000,1398000000,2051000000,2212000000,7910000000,1940000000,3924000000,6842000000,2069000000,None,10373000000,3824000000,12371000000,327000000,141000000,4771000000,0
82,HAL,2009-12-31,14675000000,13617000000,207000000,325000000,None,-297000000,2889000000,518000000,1145000000,902000000,2082000000,3394000000,2406000000,7781000000,1598000000,2964000000,5759000000,1864000000,None,8728000000,4574000000,10863000000,324000000,17000000,5002000000,750000000
83,A,2023-10-31,6784000000,5484000000,1634000000,481000000,128000000,95000000,1603000000,99000000,1240000000,292123241,1590000000,1590000000,1772000000,4918000000,1031000000,1391000000,1270000000,298000000,164000000,5845000000,2735000000,782000000,265000000,575000000,None,None
84,A,2022-10-31,6774000000,4987000000,1637000000,467000000,120000000,84000000,1861000000,250000000,1254000000,295000000,1053000000,1053000000,1312000000,5227000000,1038000000,1492000000,1100000000,291000000,195000000,5305000000,2733000000,324000000,250000000,1139000000,None,36000000
85,A,2021-10-31,6236000000,4776000000,1619000000,441000000,122000000,81000000,1708000000,150000000,1210000000,302000000,1484000000,1575000000,1485000000,5316000000,830000000,1238000000,945000000,189000000,185000000,5389000000,2729000000,348000000,236000000,788000000,None,None
86,A,2020-10-31,5271000000,4332000000,1496000000,495000000,119000000,78000000,1467000000,123000000,719000000,306000000,1441000000,1466000000,921000000,4754000000,720000000,1127000000,845000000,119000000,158000000,4873000000,2284000000,81000000,222000000,469000000,None,75000000
87,A,2019-10-31,5073000000,3994000000,1460000000,404000000,111000000,74000000,2080000000,-152000000,1071000000,309000000,1382000000,1407000000,1021000000,4704000000,679000000,998000000,850000000,156000000,102000000,4748000000,1786000000,-18000000,206000000,723000000,None,616000000
88,A,2017-10-31,4472000000,2063000000,1251000000,341000000,94000000,79000000,1263000000,119000000,684000000,322000000,2678000000,2678000000,889000000,3591000000,575000000,801000000,757000000,176000000,138000000,4831000000,1790000000,-126000000,170000000,194000000,0,210000000
89,A,2016-10-31,4202000000,2005000000,1253000000,329000000,95000000,72000000,945000000,82000000,462000000,614000000,2289000000,2289000000,793000000,3548000000,533000000,714000000,639000000,139000000,135000000,4243000000,1888000000,6089000000,150000000,434000000,10508000000,1904000000
90,A,2015-10-31,4038000000,1997000000,1189000000,330000000,98000000,66000000,976000000,42000000,401000000,611000000,2003000000,2003000000,512000000,3309000000,541000000,710000000,604000000,98000000,86000000,4167000000,1596000000,5581000000,133000000,267000000,10074000000,1655000000
91,A,2014-10-31,4048000000,2072000000,1199000000,358000000,120000000,110000000,1692000000,-3000000,504000000,608000000,2218000000,3028000000,731000000,5511000000,574000000,1082000000,631000000,205000000,96000000,5301000000,1596000000,6469000000,176000000,200000000,9807000000,1663000000
92,A,2013-10-31,3894000000,1987000000,1184000000,337000000,116000000,107000000,1602000000,68000000,724000000,602000000,2675000000,2675000000,1152000000,5397000000,1066000000,899000000,1134000000,195000000,139000000,5286000000,2653000000,6073000000,156000000,900000000,9607000000,None
93,A,2012-10-31,6858000000,3254000000,1817000000,668000000,171000000,101000000,1893000000,-110000000,1153000000,595000000,2351000000,2362000000,1228000000,5351000000,1014000000,923000000,1164000000,194000000,109000000,5182000000,4180000000,5505000000,104000000,172000000,8707000000,None
94,A,2011-10-31,6615000000,3086000000,1809000000,649000000,142000000,86000000,1837000000,20000000,1012000000,591000000,3527000000,3527000000,1260000000,4741000000,898000000,860000000,1006000000,188000000,117000000,4308000000,3864000000,4456000000,0,497000000,8535000000,None
95,A,2010-10-31,5444000000,2514000000,1752000000,612000000,124000000,96000000,3083000000,8000000,684000000,344000000,2649000000,2649000000,718000000,6460000000,716000000,869000000,980000000,121000000,142000000,3228000000,4380000000,3444000000,0,411000000,8038000000,None
96,A,2009-10-31,4481000000,2189000000,1603000000,642000000,112000000,88000000,1123000000,38000000,-31000000,346000000,2479000000,2493000000,408000000,5098000000,552000000,595000000,845000000,128000000,163000000,2506000000,2904000000,2760000000,1073000000,157000000,7627000000,None
97,GWW,2023-12-31,16387000000,14127000000,3931000000,None,146000000,93000000,1831000000,597000000,1829000000,49300000,660000000,660000000,2031000000,5032000000,2266000000,2192000000,1658000000,445000000,None,3115000000,2300000000,12162000000,392000000,850000000,10285000000,34000000
98,GWW,2022-12-31,15137000000,13237000000,3634000000,None,139000000,93000000,2010000000,533000000,1547000000,50600000,325000000,325000000,1333000000,5148000000,2253000000,2133000000,1461000000,256000000,None,2440000000,2319000000,10700000000,370000000,603000000,9445000000,35000000
99,GWW,2021-12-31,12937000000,11660000000,3173000000,None,123000000,1000000,1528000000,371000000,1043000000,51300000,241000000,241000000,937000000,4718000000,1870000000,1754000000,1424000000,255000000,None,1874000000,2369000000,9500000000,357000000,695000000,8855000000,0
100,GWW,2020-12-31,11598000000,11147000000,3219000000,None,116000000,4000000,1441000000,192000000,695000000,53200000,585000000,585000000,1123000000,4467000000,1733000000,1474000000,1395000000,197000000,None,1828000000,2431000000,8779000000,338000000,601000000,8184000000,8000000
101,GWW,2019-12-31,11413000000,10576000000,3135000000,None,150000000,9000000,1678000000,314000000,849000000,53911903,360000000,360000000,1042000000,4150000000,1655000000,1425000000,1400000000,221000000,None,1855000000,4137000000,8405000000,328000000,700000000,7633000000,246000000
102,GWW,2018-12-31,11158000000,10523000000,3190000000,None,162000000,88000000,1501000000,258000000,782000000,55883169,538000000,538000000,1057000000,3952000000,1541000000,1385000000,1352000000,239000000,None,1921000000,4332000000,7869000000,316000000,425000000,6966000000,81000000
103,GWW,2017-12-31,10353195000,9784604000,3063000000,None,170000000,89000000,1507000000,313000000,586000000,56669242,327000000,326876000,1057000000,4114000000,1429000000,1325186000,1392000000,237283000,None,1690000000,4642502000,7405000000,304000000,605000000,6676000000,39000000
104,GWW,2016-12-31,10089393000,9318882000,3002000000,None,166000000,76000000,1628937000,386000000,606000000,59159924,274000000,274146000,1024000000,3896372000,1406470000,1223096000,1420891000,284249000,None,1797935000,1880036000,7113559000,303000000,790000000,6128416000,19966000
105,GWW,2015-12-31,9937048000,8906031000,2931108000,None,162000000,33571000,1788534000,465531000,768996000,62062748,290000000,290136000,1036109000,3591121000,1414177000,1209641000,1431241000,373868000,9000000,2266634000,1388414000,6802130000,306474000,1400071000,5369711000,247346000
106,GWW,2014-12-31,9913823000,8847814000,2967125000,None,154000000,10093000,1261716000,522090000,801729000,67892245,226644000,226644000,959814000,2073177000,1356396000,1172924000,1324346000,387390000,None,3209872000,403333000,6335990000,291395000,525120000,4032615000,23404000
107,GWW,2013-12-31,9446688000,8297796000,2839629000,None,142000000,13225000,1195790000,479850000,797036000,69135452,430644000,430644000,986498000,2015890000,1305520000,1101656000,1208562000,272145000,None,3250438000,445513000,5822612000,255466000,438473000,3548973000,30429000
108,GWW,2012-12-31,8935833000,7977969000,2785035000,None,130000000,16078000,1080003000,418940000,689881000,69556932,452063000,452063000,816195000,1990686000,1301935000,940020000,1144573000,249860000,None,3023912000,467048000,5278577000,220077000,340532000,3175646000,18525000
109,GWW,2011-12-31,8069803000,7174956000,2458363000,None,None,9091000,1387925000,385115000,658423000,69898469,335491000,335491000,746108000,2087277000,1268647000,888697000,1060295000,196942000,None,2628785000,175055000,4806110000,180527000,151082000,2904243000,221539000
110,GWW,2010-12-31,7173971000,6471361000,2145209000,None,None,8187000,869303000,340196000,510865000,69194877,313454000,313454000,596445000,1699161000,991577000,762895000,963672000,127124000,3461000,2205216000,420446000,4326761000,152338000,504803000,2857012000,31059000
111,GWW,2009-12-31,6213225000,5704298000,1933302000,None,None,8766000,776799000,276565000,430466000,73385612,459871000,459871000,732396000,1562612000,889679000,624910000,953271000,-142414000,3508000,2163720000,437500000,3966508000,134684000,372727000,2466350000,53128000
112,PCG,2023-12-31,24428000000,1095000000,91000000,None,None,2850000000,17314000000,-1557000000,2256000000,2133597758,635000000,635000000,4747000000,100658000000,65000000,2048000000,81534000000,9714000000,3574000000,25040000000,50975000000,-5321000000,None,None,0,1376000000
113,PCG,2022-12-31,21680000000,471000000,115000000,None,None,1917000000,15788000000,-1338000000,1814000000,1987784948,734000000,734000000,3721000000,95821000000,91000000,2645000000,76208000000,9584000000,3297000000,22823000000,47742000000,-7542000000,None,None,2517000000,2268000000
114,PCG,2021-12-31,20642000000,343000000,56000000,None,None,1601000000,17427000000,836000000,-88000000,1985400540,291000000,291000000,2262000000,82356000000,44000000,2345000000,69826000000,7689000000,3798000000,20971000000,38225000000,-4247000000,None,None,4854000000,4481000000
115,PCG,2020-12-31,18469000000,300000000,35000000,None,None,1260000000,13581000000,362000000,-1304000000,1984678673,484000000,484000000,-19130000000,76855000000,95000000,1883000000,66136000000,7690000000,3538000000,21001000000,37288000000,-9196000000,None,None,0,28000000
116,PCG,2019-12-31,17129000000,324000000,50000000,None,None,934000000,7631000000,-3400000000,-7642000000,529236741,1570000000,1570000000,4816000000,80060000000,97000000,1287000000,61635000000,6313000000,3173000000,5136000000,23116000000,-7892000000,0,None,None,0
117,PCG,2018-12-31,16759000000,660000000,449000000,None,None,929000000,41695000000,-3292000000,-6837000000,520338710,1668000000,1668000000,4752000000,64344000000,111000000,1171000000,58557000000,6514000000,2730000000,12651000000,None,-250000000,0,None,None,18559000000
118,PCG,2017-12-31,17135000000,4704000000,188000000,None,None,888000000,7129000000,511000000,1660000000,514755845,449000000,449000000,5977000000,48792000000,115000000,1265000000,53789000000,5641000000,2863000000,19220000000,350000000,6596000000,1021000000,None,None,445000000
119,PCG,2016-12-31,17666000000,5164000000,205000000,None,None,829000000,7564000000,55000000,1407000000,506891874,177000000,177000000,4409000000,50658000000,117000000,1434000000,50581000000,5709000000,2606000000,17940000000,352000000,5751000000,921000000,None,None,700000000
120,PCG,2015-12-31,16833000000,5450000000,182000000,None,None,773000000,6363000000,-27000000,888000000,492025443,123000000,123000000,3780000000,46658000000,126000000,1282000000,46723000000,5173000000,None,16576000000,348000000,5301000000,856000000,None,None,160000000
121,PCG,2014-12-31,17090000000,5936000000,158000000,None,None,734000000,5920000000,345000000,1450000000,475913404,151000000,151000000,3690000000,44379000000,172000000,1178000000,43941000000,4833000000,None,15748000000,350000000,5316000000,828000000,None,None,0
122,PCG,2013-12-31,15598000000,5146000000,135000000,None,None,715000000,7493000000,268000000,828000000,456670424,296000000,597000000,3427000000,41263000000,137000000,1108000000,41252000000,5207000000,None,14342000000,350000000,4742000000,782000000,None,None,889000000
123,PCG,2012-12-31,15040000000,4387000000,124000000,None,None,703000000,6256000000,237000000,830000000,430718293,401000000,731000000,4882000000,39375000000,135000000,954000000,37523000000,4624000000,None,13074000000,349000000,4747000000,746000000,None,None,400000000
124,PCG,2011-12-31,14956000000,4269000000,91000000,None,None,700000000,7749000000,440000000,858000000,412257082,513000000,893000000,3739000000,37649000000,159000000,1005000000,33655000000,4038000000,None,12101000000,349000000,4712000000,704000000,None,None,50000000
125,PCG,2010-12-31,13841000000,4010000000,112000000,None,None,684000000,7185000000,547000000,2226000000,395227205,291000000,854000000,3206000000,34743000000,152000000,944000000,31449000000,3802000000,None,11282000000,349000000,4606000000,662000000,None,None,809000000
126,PCG,2009-12-31,13399000000,3711000000,109000000,None,None,705000000,6813000000,460000000,1220000000,371272457,527000000,1160000000,3039000000,32612000000,114000000,1609000000,28892000000,-3958000000,None,10333000000,11208000000,4213000000,590000000,None,None,342000000
127,CTSH,2023-12-31,19353000000,16664000000,3252000000,None,None,41000000,3333000000,668000000,2126000000,498000000,2621000000,2635000000,2330000000,5256000000,None,3849000000,1048000000,317000000,435000000,13227000000,606000000,13301000000,591000000,1064000000,None,33000000
128,CTSH,2022-12-31,19428000000,16460000000,3443000000,None,None,19000000,3347000000,730000000,2290000000,509000000,2191000000,2501000000,2568000000,5543000000,None,3796000000,1101000000,332000000,427000000,12309000000,638000000,12588000000,564000000,1422000000,None,8000000
129,CTSH,2021-12-31,18507000000,15681000000,3503000000,None,None,9000000,3529000000,693000000,2137000000,525000000,1792000000,2719000000,2495000000,5861000000,None,3557000000,1171000000,279000000,463000000,11991000000,626000000,11922000000,509000000,771000000,None,38000000
130,CTSH,2020-12-31,16652000000,14538000000,3100000000,None,None,24000000,3540000000,704000000,1392000000,530000000,2680000000,2724000000,3299000000,6087000000,None,3087000000,1251000000,398000000,440000000,10836000000,663000000,10689000000,480000000,1621000000,None,38000000
131,CTSH,2019-12-31,16783000000,14387000000,2972000000,None,None,26000000,2983000000,643000000,1842000000,548000000,2645000000,3424000000,2499000000,5182000000,None,3256000000,1309000000,392000000,17000000,11022000000,741000000,11022000000,453000000,2247000000,None,202000000
132,CTSH,2018-12-31,16125000000,3177000000,3007000000,None,None,27000000,2710000000,698000000,2101000000,577000000,1161000000,4511000000,2592000000,4422000000,None,3257000000,1394000000,377000000,80000000,11424000000,750000000,11485000000,468000000,1261000000,None,9000000
133,CTSH,2017-12-31,14810000000,2899000000,2697000000,None,None,23000000,2839000000,1153000000,1504000000,588000000,1925000000,5056000000,2407000000,4552000000,None,3222000000,1324000000,284000000,235000000,10669000000,800000000,10544000000,265000000,1889000000,None,175000000
134,CTSH,2016-12-31,13487000000,2844000000,2731000000,None,None,19000000,2418000000,805000000,1553000000,608000000,2034000000,5169000000,1645000000,3534000000,None,2905000000,1311000000,300000000,62000000,10728000000,881000000,10478000000,0,512000000,None,81000000
135,CTSH,2015-12-31,12355700000,2833800000,2509000000,None,None,18000000,2714000000,540000000,1624000000,609000000,2125000000,4949000000,2187000000,3783000000,None,2252600000,1271000000,272800000,0,9278000000,937500000,8925000000,0,460000000,None,56000000
136,CTSH,2014-12-31,10239837000,2236685000,2037000000,None,None,3000000,2592100000,485000000,1439000000,609398000,2010000000,3774600000,1473000000,3738800000,329694000,1968680000,1247000000,212203000,None,7740000000,987500000,7301600000,1650000000,248000000,None,699998000
137,CTSH,2013-12-31,8845140000,1899810000,1727600000,None,None,0,1774508000,459300000,1228600000,303864000,2213000000,3747467000,1423800000,1998927000,256230000,1648785000,1081200000,261626000,None,6136000000,None,5862367000,None,179000000,None,None
138,CTSH,2012-12-31,7348882000,1706735000,1557646000,None,None,0,1377330000,336333000,1051263000,301680000,1570100000,2863781000,1172583000,1667188000,201894000,1345661000,971486000,334465000,None,4854400000,None,4633789000,None,520845000,None,None
139,CTSH,2011-12-31,6124258000,1446066000,1328665000,None,None,None,1209705000,285531000,883618000,303106000,1310906000,2432264000,875152000,1555047000,109042000,1179043000,758034000,288221000,None,3952886000,None,3582526000,None,374147000,None,None
140,CTSH,2010-12-31,4592389000,1075968000,972093000,None,None,None,930726000,145040000,733540000,303941000,1540969000,2226388000,764654000,998643000,205972000,901308000,570448000,185512000,None,3584431000,None,2698908000,None,59000000,None,None
141,CTSH,2009-12-31,3278663000,810730000,721359000,None,None,None,646608000,101988000,534963000,297231000,1100930000,1399332000,672325000,685063000,73791000,626288000,481516000,76639000,151131000,2653177000,None,1965368000,None,16259000,None,None
142,DD,2023-12-31,12081000000,10824000000,1408000000,508000000,547000000,396000000,3098000000,-29000000,423000000,430100000,2392000000,2392000000,3058000000,13827000000,2147000000,2370000000,5884000000,619000000,788000000,24279000000,7859000000,-22874000000,651000000,None,None,None
143,DD,2022-12-31,13171000000,10613000000,1467000000,536000000,545000000,492000000,3733000000,387000000,5868000000,477200000,3662000000,4964000000,588000000,14338000000,2329000000,2518000000,10179000000,662000000,686000000,26569000000,8145000000,-21135000000,652000000,None,None,300000000
144,DD,2021-12-31,16791000000,13459000000,1602000000,557000000,546000000,525000000,4931000000,237000000,6467000000,515700000,1972000000,2011000000,2281000000,18657000000,2086000000,2159000000,5753000000,891000000,879000000,26433000000,10632000000,-23187000000,630000000,2143000000,None,150000000
145,DD,2020-12-31,20397000000,18728000000,1492000000,565000000,544000000,0,12226000000,90000000,-2951000000,734204000,2544000000,2544000000,4095000000,31834000000,2393000000,2421000000,6867000000,1194000000,918000000,38504000000,15612000000,-11586000000,882000000,232000000,None,5000000
146,DD,2019-12-31,21512000000,18087000000,2057000000,689000000,701000000,0,8346000000,-2000000,498000000,738565000,1540000000,1540000000,1409000000,27793000000,4319000000,3802000000,10143000000,2472000000,1228000000,40987000000,13617000000,-8400000000,1611000000,2329000000,0,138000000
147,DD,2018-12-31,22594000000,1950000000,3028000000,1070000000,1126000000,108000000,73312000000,195000000,3845000000,784143000,8548000000,8577000000,4731000000,91955000000,4107000000,3391000000,9917000000,1244000000,9588000000,94292000000,38299000000,30257000000,3491000000,4421000000,5421000000,637000000
148,DD,2017-12-31,11672000000,-1021000000,1615000000,657000000,555000000,247000000,26128000000,-1758000000,1159000000,780485000,13438000000,14394000000,-765000000,90237000000,16992000000,16893000000,36247000000,551000000,9447000000,100330000000,32123000000,29211000000,3394000000,1000000000,1000000000,2067000000
149,CNC,2023-12-31,153999000000,136362000000,12563000000,None,575000000,725000000,36716000000,899000000,2702000000,534484000,17193000000,19652000000,8053000000,58685000000,-35184000000,None,2019000000,799000000,16286000000,25840000000,17962000000,12043000000,88000000,1633000000,5856000000,119000000
150,CNC,2022-12-31,144547000000,127629000000,11589000000,None,614000000,665000000,28464000000,760000000,1202000000,550754000,12074000000,14395000000,6261000000,52633000000,None,None,2432000000,1004000000,14684000000,24057000000,18179000000,9341000000,None,3096000000,4213000000,82000000
151,CNC,2021-12-31,125982000000,16765000000,9601000000,None,565000000,665000000,25765000000,477000000,1347000000,582479000,13118000000,14657000000,4205000000,51353000000,None,None,3391000000,910000000,14043000000,26795000000,19026000000,8139000000,35000000,297000000,1094000000,267000000
152,CNC,2020-12-31,111115000000,14501000000,9380000000,None,487000000,728000000,21585000000,979000000,1808000000,581479000,10800000000,12380000000,5503000000,42757000000,None,None,2774000000,869000000,12853000000,25773000000,16880000000,6792000000,None,626000000,816000000,97000000
153,CNC,2019-12-31,74639000000,9912000000,6533000000,None,342000000,412000000,12932000000,473000000,1321000000,415048000,12123000000,12986000000,1483000000,28302000000,None,None,2121000000,730000000,7717000000,12551000000,13859000000,4984000000,None,75000000,214000000,88000000
154,CNC,2018-12-31,60116000000,8924000000,6043000000,None,237000000,343000000,11971000000,474000000,900000000,412478000,5342000000,6064000000,1234000000,19878000000,None,None,1706000000,675000000,6861000000,10917000000,6851000000,3663000000,6077000000,71000000,139000000,38000000
155,CNC,2017-12-31,48382000000,6654000000,4446000000,None,161000000,255000000,9332000000,326000000,828000000,173437000,4072000000,4603000000,1489000000,14979000000,None,None,1104000000,422000000,5312000000,6850000000,4829000000,2748000000,66000000,65000000,244000000,4000000
156,CNC,2016-12-31,40607000000,5818000000,3673000000,None,101000000,217000000,8623000000,599000000,562000000,171919071,3930000000,4435000000,1851000000,14143000000,None,None,797000000,306000000,4545000000,5895000000,4782000000,1920000000,None,63000000,179000000,4000000
157,CNC,2015-12-31,22760000000,3596000000,1802000000,None,78000000,43000000,3629000000,339000000,355000000,120342981,1760000000,1936000000,658000000,5015000000,None,None,518000000,150000000,1927000000,2157000000,1223000000,1358000000,None,53000000,147000000,5000000
158,CNC,2014-12-31,16560000000,2683000000,1298000000,None,65000000,35000000,2900000000,196000000,271000000,118433416,1610000000,1787000000,1223000000,3933000000,11000000,None,445000000,103000000,1280000000,1744000000,878000000,1003000000,None,29000000,98000000,5000000
159,CNC,2013-12-31,10863000000,19314763000,931137000,None,52000000,27000000,1559000000,107000000,165000000,55319239,974000000,1076000000,382000000,2286000000,13743000,None,395000000,67835000,792000000,1234000000,653134000,732000000,188983000,19000000,89000000,3000000
160,CNC,2012-12-31,8110000000,15724556000,704604000,None,49000000,20000000,1229313000,47000000,2000000,52329248,745933000,884034000,279000000,1820138000,None,None,375893000,82144000,554770000,953056000,514727000,566820000,None,13000000,69864000,3373000
161,CNC,2011-12-31,5211477000,9372937000,587004000,None,42098000,20320000,837613000,70687000,111218000,50864618,573698000,704197000,261696000,1253917000,None,None,349622000,73708000,506140000,935634000,342961000,564961000,None,7809000,57123000,3234000
162,CNC,2010-12-31,4448323000,7698061000,547823000,None,37131000,17992000,765246000,59900000,94836000,49616824,433914000,455260000,168932000,1146827000,None,None,326341000,63304000,595879000,793939000,339583000,453743000,7387000,3224000,50486000,2817000
163,OTIS,2023-12-31,14059000000,2023000000,1884000000,144000000,126000000,155000000,6479000000,533000000,1406000000,437000000,1274000000,1274000000,1627000000,14837000000,612000000,3753000000,727000000,138000000,None,-4924000000,6866000000,-2005000000,539000000,800000000,2382000000,0
164,OTIS,2022-12-31,13542000000,1898000000,1763000000,150000000,118000000,140000000,6843000000,519000000,1253000000,435600000,1189000000,1189000000,1560000000,14483000000,617000000,3551000000,719000000,115000000,None,-4870000000,6629000000,-2865000000,465000000,850000000,1575000000,531000000
165,OTIS,2021-12-31,14162000000,2102000000,1948000000,159000000,116000000,136000000,6247000000,541000000,1246000000,434700000,1565000000,1565000000,1750000000,15263000000,622000000,3429000000,774000000,156000000,None,-3625000000,7249000000,-2256000000,393000000,725000000,725000000,0
166,OTIS,2020-12-31,12634000000,2169000000,1924000000,152000000,100000000,124000000,6673000000,455000000,906000000,433400000,1782000000,1782000000,1480000000,13911000000,659000000,3470000000,774000000,183000000,None,-3862000000,5262000000,-3076000000,260000000,0,0,0
167,LHX,2023-12-31,18876000000,18412000000,3262000000,None,389000000,None,8004000000,23000000,1227000000,189808581,560000000,560000000,2096000000,22858000000,1472000000,7879000000,2644000000,449000000,None,18765000000,11878000000,3220000000,868000000,518000000,None,355000000
168,LHX,2022-12-31,16777000000,16297000000,3006000000,None,342000000,None,5776000000,212000000,1062000000,190611458,880000000,880000000,2158000000,14900000000,1291000000,5920000000,1949000000,252000000,None,18523000000,7856000000,2943000000,864000000,1083000000,None,813000000
169,LHX,2021-12-31,17769000000,16710000000,3280000000,None,343000000,None,4551000000,440000000,1846000000,193511401,941000000,941000000,2687000000,15496000000,982000000,5968000000,1947000000,342000000,None,19213000000,7066000000,2917000000,817000000,3675000000,None,7000000
170,LHX,2020-12-31,17913000000,17680000000,3315000000,None,318000000,270000000,4240000000,234000000,1119000000,208230353,1276000000,1276000000,2790000000,16236000000,973000000,1344000000,2102000000,368000000,None,20724000000,6957000000,2347000000,725000000,2290000000,None,6000000
171,LHX,2019-06-30,6632000000,4668000000,1242000000,331000000,138000000,169000000,2268000000,160000000,949000000,118552599,530000000,530000000,1185000000,6754000000,360000000,457000000,894000000,161000000,None,3363000000,3419000000,2173000000,325000000,200000000,None,656000000
172,LHX,2018-06-30,6182000000,4201000000,1182000000,311000000,143000000,170000000,1850000000,206000000,699000000,118280120,288000000,288000000,751000000,6573000000,411000000,466000000,900000000,136000000,None,3278000000,3712000000,1648000000,272000000,272000000,None,304000000
173,LHX,2017-06-30,5900000000,4399000000,107000000,None,147000000,172000000,1967000000,261000000,553000000,119628884,484000000,484000000,569000000,7209000000,392000000,365000000,904000000,119000000,None,2903000000,3950000000,1318000000,262000000,710000000,None,554000000
174,LHX,2016-06-30,5992000000,4630000000,101000000,305000000,160000000,183000000,1981000000,273000000,324000000,124643407,487000000,487000000,924000000,8953000000,867000000,674000000,924000000,154000000,None,3056000000,4112000000,1330000000,252000000,0,None,382000000
175,LHX,2015-06-30,4953000000,3778000000,86000000,276000000,155000000,130000000,2274000000,109000000,334000000,123675756,481000000,481000000,854000000,9730000000,1015000000,1168000000,1165000000,148000000,None,3397000000,5168000000,1258000000,198000000,150000000,None,130000000
176,LHX,2014-06-30,4918400000,3563100000,48300000,264100000,142100000,94000000,1115000000,256000000,535000000,105509073,561000000,561000000,849000000,3093000000,619000000,566000000,728000000,209000000,None,1826000000,1577000000,1226000000,180000000,300000000,None,2000000
177,LHX,2013-06-30,420300000,4090400000,130900000,254100000,146400000,109000000,1297400000,203000000,113000000,106933188,321000000,321000000,833000000,3297100000,668700000,696800000,653200000,165000000,None,1561300000,1590500000,1079900000,165000000,415000000,None,13400000
178,LHX,2012-06-30,374300000,4683200000,130000000,218900000,143000000,113200000,1414400000,286000000,30600000,112147405,356000000,356000000,852900000,3653900000,617800000,750200000,659400000,209900000,None,1938900000,1887800000,1416600000,139600000,473500000,None,4800000
179,LHX,2011-06-30,189200000,3889700000,145200000,335600000,121600000,90400000,1430500000,306800000,588000000,123118804,366900000,366900000,833100000,3670800000,720800000,836500000,872800000,311300000,None,2502000000,1892100000,1889000000,127000000,256100000,None,4900000
180,LHX,2010-06-30,102400000,-1769300000,134800000,325800000,96800000,72100000,1051800000,295400000,561600000,127460307,455200000,455200000,802700000,2554000000,615300000,736000000,609700000,189900000,None,2189600000,1177300000,1621400000,115000000,208000000,None,700000
181,BK,2023-12-31,17502000000,13414000000,4069000000,None,None,16303000000,14507000000,800000000,3286000000,759344092,4922000000,4922000000,5912000000,368944000000,107887000000,None,3163000000,1220000000,139048000000,40874000000,31257000000,39653000000,1262000000,2604000000,27151000000,None
182,BK,2022-12-31,16377000000,13049000000,3850000000,None,None,3614000000,12335000000,768000000,2573000000,808444600,5030000000,5030000000,15068000000,364933000000,-150930000000,None,3256000000,1346000000,152724000000,40734000000,30458000000,37864000000,1165000000,124000000,24524000000,None
183,BK,2021-12-31,15931000000,11283000000,3542000000,None,None,227000000,11566000000,877000000,3759000000,804145366,6061000000,6061000000,2838000000,401047000000,-179424000000,None,3431000000,1215000000,175739000000,43034000000,25931000000,36667000000,1126000000,4567000000,24400000000,None
184,BK,2020-12-31,15808000000,11340000000,3459000000,None,None,1132000000,11305000000,842000000,3617000000,886763531,6252000000,6252000000,5038000000,423513000000,-218782000000,None,3602000000,1222000000,172705000000,45801000000,25984000000,34241000000,1117000000,989000000,19833000000,350000000
185,BK,2019-12-31,16462000000,10875000000,3344000000,None,None,4360000000,15334000000,1120000000,4441000000,900683038,4830000000,4830000000,96000000,339780000000,-165469000000,None,3625000000,1210000000,192288000000,41483000000,27501000000,31894000000,1120000000,3327000000,18844000000,3959000000
186,BK,2018-12-31,16392000000,11200000000,3259000000,None,None,2821000000,11561000000,938000000,4266000000,960425669,5864000000,5864000000,5996000000,322005000000,3000000,None,1832000000,1108000000,184158000000,40638000000,29163000000,28652000000,1052000000,3269000000,15517000000,1939000000
187,BK,2017-12-31,15543000000,10933000000,9073000000,None,None,1074000000,13321000000,496000000,4090000000,1013442445,5382000000,5382000000,4667000000,330012000000,4000000,None,1634000000,1197000000,109356000000,41251000000,27979000000,25635000000,901000000,2686000000,12248000000,3075000000
188,BK,2016-12-31,16626000000,10512000000,8788000000,None,None,437000000,9837000000,1177000000,3547000000,1047488301,4822000000,4822000000,6267000000,293889000000,4000000,None,1303000000,825000000,113453000000,38811000000,24463000000,22621000000,778000000,2398000000,9562000000,750000000
189,BK,2015-12-31,15126000000,10799000000,8993000000,None,None,300000000,74000000,1013000000,3158000000,1085342985,6537000000,6537000000,4127000000,354805000000,6000000,None,1379000000,601000000,116016000000,38037000000,21547000000,19974000000,760000000,2355000000,7164000000,63291000000
190,BK,2014-12-31,15608000000,12177000000,9129000000,None,None,354000000,81000000,912000000,2567000000,1118227559,6970000000,6970000000,4484000000,346600000000,3000000,None,1394000000,791000000,99040000000,37441000000,20264000000,17683000000,760000000,1669000000,4809000000,60920000000
191,BK,2013-12-31,14968000000,11306000000,7063000000,None,None,343000000,10528000000,1592000000,2104000000,1142249790,6460000000,6460000000,-642000000,336006000000,3000000,None,1655000000,609000000,71811000000,37497000000,19864000000,15952000000,680000000,1026000000,3140000000,None
192,BK,2012-12-31,14534000000,11333000000,7014000000,None,None,534000000,35000000,842000000,2437000000,1163490341,4727000000,4727000000,1629000000,321548000000,4000000,None,1659000000,652000000,64539000000,36431000000,18530000000,14622000000,623000000,1148000000,2114000000,None
193,BK,2011-12-31,14680000000,11112000000,6995000000,None,None,604000000,59000000,1048000000,2516000000,1209674607,4175000000,4175000000,2211000000,291065000000,12000000,None,1681000000,642000000,55627000000,33417000000,19933000000,12812000000,593000000,873000000,965000000,None
194,BK,2010-12-31,13816000000,10170000000,6350000000,None,None,545000000,9972000000,1047000000,2518000000,1241530195,3675000000,3675000000,4050000000,214102000000,6000000,None,1693000000,230000000,61870000000,32354000000,16517000000,10898000000,440000000,41000000,86000000,None
195,BK,2009-12-31,7654000000,9563000000,5281000000,None,None,593000000,12000000,-1395000000,-814000000,1200359000,3732000000,3732000000,3781000000,183221000000,4000000,None,1602000000,318000000,None,28977000000,17234000000,8912000000,599000000,28000000,29000000,None
196,KR,2023-01-28,147723000000,117875000000,1220000000,None,None,535000000,17238000000,653000000,2244000000,715000000,1015000000,1015000000,4498000000,39609000000,7560000000,2234000000,22708000000,3078000000,None,10042000000,11292000000,25601000000,682000000,993000000,20650000000,1153000000
197,KR,2022-01-29,137317000000,108823000000,1187000000,None,None,571000000,16323000000,385000000,1655000000,735000000,1821000000,1821000000,6190000000,39657000000,6783000000,1828000000,22264000000,2614000000,None,9452000000,11745000000,24066000000,589000000,1647000000,19722000000,451000000
198,KR,2021-01-30,131954000000,102710000000,1073000000,None,None,544000000,15366000000,782000000,2585000000,761000000,1687000000,1687000000,6815000000,39112000000,7063000000,1781000000,21542000000,2865000000,None,9576000000,12410000000,23018000000,534000000,1324000000,18191000000,844000000
199,KR,2020-02-01,121683000000,96508000000,1009000000,None,None,603000000,14243000000,469000000,1659000000,797000000,399000000,399000000,4664000000,36683000000,7084000000,1706000000,21871000000,3128000000,None,8602000000,13256000000,20978000000,486000000,465000000,16991000000,1926000000
200,KR,2019-02-02,121232000000,96115000000,906000000,None,None,620000000,14274000000,900000000,3110000000,798000000,429000000,429000000,4164000000,30283000000,6846000000,1589000000,21635000000,2967000000,None,7886000000,14351000000,19681000000,437000000,2010000000,16612000000,3103000000
201,KR,2018-02-03,122061000000,2352000000,1656000000,None,None,601000000,14197000000,-405000000,1907000000,875000000,347000000,347000000,3413000000,30292000000,6533000000,1637000000,21071000000,2809000000,None,6931000000,14787000000,17007000000,443000000,1633000000,14684000000,3509000000
202,KR,2017-01-28,114815000000,91196000000,1631000000,None,None,522000000,12860000000,957000000,1975000000,929000000,322000000,322000000,4272000000,29795000000,6561000000,1649000000,21016000000,3699000000,None,6698000000,13315000000,15543000000,429000000,1766000000,13118000000,2197000000
203,KR,2016-01-30,109348000000,87017000000,1470000000,None,None,482000000,12971000000,1045000000,2039000000,966000000,277000000,277000000,4917000000,27099000000,6168000000,1734000000,19619000000,3349000000,128000000,6820000000,11396000000,14011000000,385000000,703000000,11409000000,2318000000
204,KR,2015-01-31,108465000000,87001000000,1411000000,None,None,488000000,11392000000,902000000,1728000000,486000000,268000000,268000000,8186000000,25055000000,5688000000,1266000000,17912000000,2831000000,133000000,5412000000,11026000000,12367000000,338000000,1283000000,10809000000,1844000000
205,KR,2014-02-01,98375000000,79401000000,1206000000,None,None,443000000,10705000000,751000000,1519000000,511000000,401000000,401000000,6985000000,23886000000,-1150000000,1116000000,16893000000,2330000000,51000000,5384000000,10780000000,10981000000,319000000,609000000,9641000000,1616000000
206,KR,2013-02-02,96157000000,77938000000,1181000000,None,None,462000000,11061000000,794000000,1497000000,514000000,238000000,238000000,2833000000,20420000000,-1098000000,1051000000,14848000000,2062000000,None,4207000000,8476000000,9787000000,267000000,1261000000,9237000000,2700000000
207,KR,2012-01-28,89939000000,71494000000,1232000000,None,None,435000000,9105000000,247000000,602000000,565000000,188000000,188000000,2658000000,19510000000,-1043000000,949000000,14464000000,1898000000,None,3981000000,7743000000,8571000000,257000000,1547000000,8132000000,1275000000
208,KR,2011-01-29,81741000000,63803000000,1263000000,None,None,448000000,8070000000,601000000,1116000000,627000000,825000000,825000000,3366000000,18207000000,-827000000,845000000,14147000000,1919000000,None,5296000000,7434000000,8225000000,250000000,545000000,6732000000,549000000
209,KR,2010-01-30,76231000000,58848000000,648000000,None,None,502000000,7727000000,532000000,70000000,644000000,424000000,424000000,2922000000,18200000000,4935000000,909000000,13929000000,2297000000,None,4852000000,7576000000,7364000000,238000000,218000000,6238000000,549000000
210,AMP,2023-12-31,16096000000,7542000000,3871000000,None,None,885000000,163000000,678000000,2556000000,103500000,7477000000,7477000000,4685000000,170462000000,None,None,681000000,184000000,51607000000,4729000000,3399000000,21905000000,550000000,2127000000,25237000000,751000000
211,AMP,2022-12-31,14334000000,7409000000,3723000000,None,None,274000000,235000000,782000000,3149000000,108900000,6964000000,6964000000,4407000000,155049000000,-267000000,None,630000000,182000000,46878000000,3803000000,2821000000,19918000000,534000000,1978000000,23089000000,201000000
212,AMP,2021-12-31,13443000000,5630000000,3435000000,None,None,203000000,207000000,590000000,2760000000,114600000,7127000000,7127000000,3325000000,172898000000,-1252000000,None,590000000,120000000,37994000000,4837000000,2832000000,17322000000,511000000,2030000000,21066000000,200000000
213,AMP,2020-12-31,11958000000,7699000000,3120000000,None,153000000,221000000,200000000,297000000,1534000000,120900000,6751000000,6751000000,4623000000,160016000000,-1755000000,None,602000000,147000000,42949000000,6131000000,2831000000,15292000000,497000000,1441000000,18879000000,200000000
214,AMP,2019-12-31,13103000000,9364000000,3287000000,None,147000000,350000000,201000000,339000000,1893000000,129000000,3709000000,3709000000,2341000000,146099000000,-1455000000,None,610000000,143000000,39521000000,5911000000,3097000000,14279000000,504000000,1943000000,17276000000,201000000
215,AMP,2018-12-31,12924000000,8863000000,3171000000,None,146000000,334000000,201000000,386000000,2098000000,141500000,2931000000,2931000000,2597000000,131628000000,None,None,635000000,162000000,37531000000,5588000000,2867000000,12909000000,506000000,1630000000,15293000000,201000000
216,AMP,2017-12-31,12180000000,8471000000,3051000000,None,141000000,255000000,200000000,734000000,1480000000,151000000,2484000000,2484000000,1523000000,141485000000,None,None,626000000,162000000,38056000000,5995000000,2891000000,11326000000,491000000,1485000000,13648000000,200000000
217,AMP,2016-12-31,11839000000,9337000000,2977000000,None,149000000,280000000,128293000000,278000000,1313000000,160400000,2318000000,2318000000,2331000000,133529000000,None,None,607000000,92000000,30771000000,6289000000,5187000000,10351000000,479000000,1707000000,12027000000,200000000
218,AMP,2015-12-31,12200000000,8665000000,3082000000,None,150000000,417000000,127879000000,455000000,1562000000,176600000,2357000000,2357000000,2691000000,136960000000,None,None,724000000,133000000,39714000000,7191000000,10223000000,9525000000,465000000,1741000000,10338000000,969000000
219,AMP,2014-12-31,12296000000,8178000000,3095000000,None,144000000,356000000,130757000000,545000000,1619000000,187900000,2638000000,2638000000,2399000000,139505000000,None,None,667000000,113000000,40430000000,8124000000,9558000000,8469000000,426000000,1577000000,8589000000,1494000000
220,AMP,2013-12-31,11230000000,6912000000,2945000000,None,144000000,312000000,127928000000,492000000,1334000000,198300000,2632000000,2632000000,1364000000,135344000000,None,None,705000000,105000000,None,8192000000,8151000000,7289000000,401000000,1583000000,6961000000,None
221,AMP,2012-12-31,10259000000,6889000000,3042000000,None,152000000,318000000,118253000000,335000000,1029000000,210800000,2371000000,2371000000,1505000000,125017000000,None,None,753000000,137000000,None,9092000000,2244000000,6381000000,305000000,1381000000,5325000000,None
222,AMP,2011-12-31,10239000000,6113000000,2965000000,None,143000000,364000000,116160000000,377000000,2212000000,230600000,2781000000,2781000000,2178000000,122613000000,None,None,774000000,250000000,None,8988000000,2244000000,5603000000,212000000,1495000000,4034000000,None
223,AMP,2010-12-31,9582000000,6382000000,2868000000,None,160000000,360000000,397000000,293000000,1097000000,252700000,2861000000,2861000000,1847000000,119929000000,42497000000,None,693000000,131000000,None,10725000000,7852000000,4770000000,354000000,582000000,2620000000,None
224,AMP,2009-12-31,7538000000,5198000000,2514000000,None,176000000,268000000,102252000000,184000000,722000000,258900000,3097000000,4730000000,-1318000000,103898000000,592000000,None,728000000,83000000,36974000000,9269000000,1868000000,3964000000,164000000,11000000,2023000000,None
225,CEG,2023-12-31,24918000000,19482000000,873000000,None,1073000000,431000000,6319000000,859000000,1623000000,317000000,368000000,368000000,-5301000000,39472000000,1500000000,3080000000,22116000000,2422000000,563000000,10925000000,7677000000,761000000,366000000,992000000,None,121000000
226,CEG,2022-12-31,24440000000,20714000000,798000000,None,1065000000,250000000,7839000000,-388000000,-160000000,327000000,422000000,422000000,-2353000000,35537000000,1505000000,3441000000,19822000000,1689000000,202000000,11018000000,4650000000,-496000000,185000000,0,None,143000000
227,CEG,2021-12-31,19649000000,17942000000,631000000,None,2954000000,282000000,7996000000,225000000,-205000000,326000000,504000000,504000000,-1338000000,36472000000,1288000000,241000000,19612000000,1329000000,174000000,11219000000,6094000000,0,0,None,None,1220000000
228,PRU,2023-12-31,53979000000,81790000000,12951000000,None,None,1762000000,618000000,613000000,2488000000,360200000,19419000000,20524000000,6510000000,691336000000,-396674000000,None,None,None,1192000000,27820000000,18882000000,32352000000,1846000000,1012000000,23780000000,0
229,PRU,2022-12-31,56881000000,105595000000,12493000000,None,None,1596000000,775000000,-279000000,-1647000000,367800000,17251000000,18055000000,5158000000,657110000000,-307342000000,None,340000000,None,1181000000,30593000000,19908000000,31714000000,1817000000,1488000000,23068000000,775000000
230,PRU,2021-12-31,70934000000,100411000000,13582000000,None,None,1478000000,722000000,1674000000,7724000000,377600000,12888000000,13880000000,9812000000,874974000000,None,None,395000000,736000000,1317000000,61876000000,18622000000,36652000000,1814000000,2500000000,21838000000,722000000
231,PRU,2020-12-31,57033000000,92895000000,13913000000,None,None,1560000000,925000000,-81000000,-374000000,396400000,13701000000,15191000000,8368000000,872512000000,None,65660000000,466000000,88000000,1394000000,67425000000,19718000000,30749000000,1766000000,500000000,19652000000,925000000
232,PRU,2019-12-31,64807000000,97005000000,13416000000,None,None,1551000000,1933000000,947000000,4186000000,400600000,16327000000,21794000000,19625000000,832833000000,None,63680000000,554000000,3804000000,1309000000,63115000000,18647000000,32991000000,1641000000,2500000000,19453000000,2233000000
233,PRU,2018-12-31,62992000000,98065000000,11949000000,None,None,1420000000,2451000000,822000000,4074000000,412800000,15353000000,21822000000,21664000000,766047000000,None,59958000000,None,None,1329000000,48617000000,17378000000,30470000000,1521000000,1500000000,17593000000,2451000000
234,PRU,2017-12-31,59689000000,87634000000,11915000000,None,None,1327000000,1380000000,-1438000000,7863000000,423700000,14490000000,21290000000,13460000000,777625000000,None,None,None,2307000000,13791000000,54236000000,17172000000,28671000000,1296000000,1250000000,16284000000,1380000000
235,PRU,2016-12-31,58779000000,87606000000,11779000000,None,None,1320000000,1133000000,1335000000,4368000000,430700000,14127000000,21635000000,14876000000,737874000000,None,None,None,1811000000,12277000000,45863000000,18041000000,21946000000,1300000000,2000000000,15316000000,1133000000
236,PRU,2015-12-31,57119000000,69574000000,396000000,None,None,1306000000,1216000000,2072000000,5642000000,463599014,17612000000,25717000000,13942000000,715332000000,None,None,None,None,14526000000,41890000000,22685000000,18931000000,1117000000,1013000000,13814000000,752000000
237,PRU,2014-12-31,54105000000,73148000000,391000000,None,None,1908000000,3839000000,349000000,1381000000,1200000,14918000000,23176000000,19396000000,724306000000,None,None,None,5041000000,15562000000,41770000000,22536000000,14888000000,1008000000,1000000000,13088000000,3356000000
238,PRU,2013-12-31,41461000000,53877000000,470000000,None,None,1409000000,2669000000,-1058000000,-667000000,2000000,11439000000,19142000000,8445000000,695900000000,None,None,None,3415000000,14443000000,35278000000,2381000000,14531000000,828000000,738000000,12415000000,None
239,PRU,2012-12-31,84847000000,130719000000,155000000,None,None,None,2484000000,213000000,520000000,2000000,18100000000,24547000000,20909000000,670123000000,None,None,None,None,14259000000,38503000000,51238000000,16066000000,768000000,650000000,12163000000,None
240,PRU,2011-12-31,49085000000,47660000000,142000000,None,None,1164000000,2336000000,1515000000,3632000000,2000000,14251000000,23372000000,12377000000,585403000000,None,None,None,1795000000,7820000000,34253000000,52441000000,16629000000,704000000,999000000,11920000000,None
241,PRU,2010-12-31,38217000000,36601000000,135000000,None,None,1197000000,1982000000,1243000000,3001000000,2000000,12915000000,18212000000,6542000000,506926000000,None,None,None,None,6171000000,32415000000,3522000000,16381000000,575000000,0,11173000000,275000000
242,PRU,2009-12-31,32380000000,41858000000,8991000000,None,None,1101000000,3122000000,-62000000,3124000000,2000000,13164000000,19983000000,5840000000,454474000000,None,None,None,2660000000,5904000000,25195000000,4927000000,13787000000,347000000,0,11390000000,2000000000
243,VRSK,2023-12-31,2577100000,876500000,391800000,36800000,None,115500000,771400000,258800000,614600000,143308729,302700000,302700000,1060700000,4043900000,84500000,357700000,604900000,230000000,30500000,310000000,2884300000,6416900000,196800000,2762300000,9037500000,14500000
244,VRSK,2022-12-31,2359100000,824600000,381500000,43100000,None,138800000,2319200000,220300000,953900000,154701136,112500000,112500000,1059000000,5193400000,446300000,334300000,541500000,274700000,28300000,1749300000,3744200000,5999100000,195200000,1662500000,6239500000,1392900000
245,VRSK,2021-12-31,2871900000,853700000,313200000,47100000,None,127000000,1848000000,179400000,666200000,161651639,111900000,280300000,1155700000,4965600000,102600000,483000000,531400000,268400000,54600000,2816500000,3323500000,5240400000,188200000,475000000,4638100000,971300000
246,VRSK,2020-12-31,2646100000,791700000,308200000,44600000,None,138300000,1430800000,164600000,712700000,162817526,218800000,218800000,1068200000,4863600000,81200000,457800000,632300000,246800000,192600000,2698200000,3224700000,4762200000,175800000,348800000,4179300000,499900000
247,VRSK,2019-12-31,2477000000,976800000,603500000,60000000,None,126800000,1491800000,118500000,449900000,163161564,184600000,184600000,956300000,4794400000,75000000,467500000,548100000,216800000,14000000,2260800000,3152700000,4228400000,163500000,300000000,3849900000,499400000
248,VRSK,2018-12-31,2260800000,886200000,378700000,45100000,None,129700000,1324600000,121000000,598700000,163970410,139500000,139500000,934400000,3829700000,63900000,390400000,555900000,231000000,8400000,2070600000,2742300000,3942600000,163500000,438600000,3563200000,672800000
249,VRSK,2017-12-31,2021500000,783800000,322800000,37400000,None,119400000,1337600000,135900000,555100000,164878930,142300000,146100000,743500000,4094900000,38100000,374300000,478300000,183500000,8400000,1925400000,2280600000,3308000000,163500000,276300000,3150500000,724400000
250,VRSK,2016-12-31,1869200000,714400000,301600000,27400000,None,120000000,621600000,202200000,591200000,166915772,135100000,138500000,577500000,3298800000,28900000,313200000,380300000,156500000,9900000,1332400000,2277300000,2752900000,163500000,326800000,2891400000,106800000
251,VRSK,2015-12-31,1932869000,1236584000,278300000,20600000,None,121400000,1479300000,196600000,507600000,169424981,138300000,141924000,663800000,4221700000,40741000,368952000,350300000,166138000,8487000,1372000000,2274144000,2161700000,2112797000,20400000,2571200000,874800000
252,VRSK,2014-12-31,1673056000,1029410000,187300000,25600000,None,70000000,771270000,208500000,400000000,157913227,39300000,43160000,489400000,2134287000,41851000,286180000,302273000,146818000,8487000,211000000,1265848000,1654149000,None,778500000,2533764000,336058000
253,VRSK,2013-12-31,1516226000,917695000,228982000,21426000,None,76136000,431179000,196426000,348380000,167855891,165800000,169712000,506920000,1956862000,72526000,158547000,233373000,145976000,3602000,547600000,1265129000,1254107000,None,277411000,1864967000,4448000
254,VRSK,2012-12-31,1458878000,889157000,220068000,18386000,None,72508000,585350000,182363000,329142000,166799951,89819000,94702000,468229000,2104745000,61620000,178430000,154084000,74373000,5015000,255591000,1454409000,905727000,None,162275000,1605376000,195263000
255,VRSK,2011-12-31,1290220000,783667000,199495000,15393000,None,53847000,349650000,165739000,282758000,164285227,191603000,196669000,375721000,1639596000,25723000,153339000,119411000,59829000,3443000,-98490000,1100332000,576585000,None,381776000,1471042000,0
256,ROK,2023-09-30,9203900000,7644000000,2023700000,529500000,133800000,135300000,3365300000,330500000,1387400000,114800000,1071800000,1072400000,1374600000,7742400000,1404900000,2167400000,684200000,160500000,157100000,3561600000,2862900000,9255200000,542400000,311500000,7187400000,8600000
257,ROK,2022-09-30,7500200000,6544300000,1766700000,440900000,126600000,123200000,3572200000,154500000,932200000,115200000,490700000,503300000,823100000,8033100000,1054200000,1736700000,586500000,141100000,1056000000,2725600000,2867800000,8411800000,519400000,301300000,6957200000,609100000
258,ROK,2021-09-30,6930300000,5847300000,1680000000,422500000,123900000,94600000,2992200000,181900000,1358100000,116000000,662200000,662800000,1261000000,8312000000,798100000,1424500000,581900000,120300000,1363500000,2389600000,3464600000,8000400000,497100000,299700000,6708700000,6800000
259,ROK,2020-09-30,6216700000,5264600000,1479800000,371500000,122500000,103500000,1810800000,112900000,1023400000,116200000,704600000,705200000,1120500000,6236900000,584000000,1249100000,574400000,113900000,953500000,1027800000,1974700000,7139800000,472800000,264200000,6509900000,0
260,ROK,2019-09-30,6630500000,5359200000,1538500000,378900000,126200000,98200000,1936800000,205200000,695800000,115700000,1018400000,1058000000,1182000000,5708800000,575700000,1178700000,571900000,132800000,793900000,404200000,2256900000,6440200000,459800000,1009000000,6438500000,300500000
261,ROK,2018-09-30,6666000000,3781100000,1587900000,371800000,136400000,73000000,2236900000,795300000,535500000,121000000,618800000,909700000,1300000000,4644500000,581600000,None,576800000,125500000,1288000000,1617500000,1225200000,6198100000,440800000,1482300000,5501500000,0
262,ROK,2017-09-30,6311300000,3643400000,1557600000,348200000,138700000,76200000,2145800000,211700000,825700000,128400000,1410900000,2535500000,1034000000,4498100000,558700000,1135500000,583900000,141700000,325700000,2663600000,1493400000,6103400000,390700000,342600000,4080000000,250000000
263,ROK,2016-09-30,5879500000,3404000000,1467400000,319300000,143300000,71300000,1975900000,213400000,729700000,128500000,1526400000,2429200000,1818500000,5111100000,526600000,1079000000,578300000,116900000,19500000,1990100000,1516300000,5668400000,378200000,507600000,3909100000,0
264,ROK,2015-09-30,6244300000,5140600000,1506400000,307300000,133100000,63700000,1327700000,299900000,827600000,132400000,1427300000,2149200000,2248600000,4147900000,535600000,1041000000,605600000,122900000,5400000,2256800000,1500900000,5316900000,350100000,598400000,3459000000,1500900000
265,ROK,2014-09-30,6563600000,5466900000,1570100000,290100000,122500000,59300000,1692100000,307400000,826800000,136700000,1191300000,1819800000,1033300000,3566200000,588400000,1215800000,632900000,141000000,None,2658100000,905600000,4839600000,320500000,485700000,2927200000,1225400000
266,ROK,2013-09-30,6290500000,5360700000,1537700000,260700000,113800000,60900000,1544700000,224600000,756300000,138800000,1200900000,1573600000,1007800000,3259100000,615400000,1186100000,616000000,146200000,None,2585500000,905100000,4333400000,276300000,402700000,2567600000,None
267,ROK,2012-09-30,6198300000,5272400000,1491700000,247600000,103900000,60100000,1531600000,228900000,737000000,139800000,903900000,1253900000,717700000,3784800000,619000000,1187300000,587100000,139600000,None,1851700000,905000000,3858800000,247400000,259400000,2379900000,None
268,ROK,2011-09-30,5941800000,5110500000,1461200000,243900000,96500000,59500000,1329900000,170500000,697800000,141900000,988900000,988900000,640100000,3536900000,641700000,1063400000,561400000,120100000,None,1748000000,905000000,3382800000,211000000,298700000,2204700000,None
269,ROK,2010-09-30,4796500000,4281400000,1323300000,198900000,95700000,60500000,1222300000,103800000,464300000,141700000,813400000,813400000,493200000,3287900000,603300000,859000000,536900000,99400000,None,1460400000,904900000,2912400000,173600000,118800000,2136400000,None
270,ROK,2009-09-30,4271600000,4023400000,1228000000,170000000,101700000,60900000,947200000,56000000,220700000,142100000,643800000,643800000,525900000,2989300000,436400000,726300000,532500000,98000000,None,1316400000,904700000,2667200000,164500000,53500000,2109500000,None
271,LEN,2023-11-30,34233366000,343520000,306720000,None,None,-1651000,1631401000,1241013000,3938511000,279440000,6570938000,6273724000,5179738000,12532337000,-37500000,None,404789000,99799000,1143909000,26580664000,2816482000,22369368000,430560000,1182711000,1393100000,None
272,LEN,2022-11-30,33671010000,286186000,286186000,None,None,-2163000,1616128000,1366065000,4614125000,287361000,4815770000,4616124000,3265668000,13743928000,-33563000,None,355095000,57214000,1173164000,24100500000,4047294000,18861417000,438038000,1039309000,210389000,None
273,LEN,2021-11-30,27130676000,484430000,472581000,None,None,-6775000,1321247000,1362509000,4430111000,301239000,2955683000,2735213000,2532774000,12211496000,-11849000,None,339906000,65172000,1972383000,20816425000,4652338000,14685329000,309776000,1430212000,2709448000,None
274,LEN,2020-11-30,22488854000,17740764000,431018000,None,None,-24775000,1037338000,656235000,2465036000,309148000,2863038000,2863038000,4190819000,11835776000,16925228000,None,411518000,72752000,2133692000,17994856000,7421583000,10564994000,195043000,321524000,1279227000,None
275,LEN,2019-11-30,22259561000,18023403000,425414000,None,None,-26210000,1069179000,592173000,1849052000,313904000,1445996000,1445996000,1482343000,13325681000,18093647000,None,279527000,86497000,1973913000,15949517000,9573696000,8295001000,51454000,523074000,957857000,None
276,LEN,2018-11-30,20571631000,16882817000,416034000,None,None,-23544000,1325398000,545171000,1695831000,325734000,1558458000,1558458000,1691747000,13883224000,17068704000,None,319861000,130439000,1775434000,14581535000,8543868000,6487650000,49159000,299833000,435869000,1463850000
277,LEN,2017-11-30,12646365000,10212412000,332889000,None,None,11312000,754668000,417857000,810480000,251537000,2650872000,2650872000,982374000,10758902000,10860890000,None,215068000,111773000,1573762000,7872317000,6410003000,4840978000,37608000,27054000,136020000,7972515000
278,LEN,2016-11-30,10949999000,8754335000,273462000,None,None,4626000,596519000,417378000,911844000,226242000,1329529000,1329529000,507804000,8150214000,9178926000,None,173614000,76439000,1376023000,7026042000,4575977000,4306256000,35324000,19902000,108961000,398232000
279,LEN,2015-11-30,9474008000,7470954000,264112000,None,None,12454000,542859000,390416000,802894000,208396000,1158445000,1158445000,-419646000,8469437000,8746104000,None,115557000,8477000,1217296000,5648944000,5025130000,3429736000,33192000,23188000,107755000,978000
280,LEN,2014-11-30,7779812000,260906000,222364000,None,None,36551000,464801000,341091000,638916000,202527000,1281814000,1281814000,-788488000,7671849000,7742108000,None,143164000,14278000,1980738000,4827020000,4690213000,2660034000,32775000,20424000,93440000,501468000
281,LEN,2013-11-30,5935095000,208281000,177932000,None,None,214256000,19124000,177015000,479674000,191535000,970505000,970505000,-807714000,6645777000,6611548000,None,181423000,9407000,1574133000,4168901000,4194432000,2053893000,30912000,12320000,628019000,None
282,LEN,2012-11-30,4105132000,188419000,160338000,None,None,181385000,20500000,-435218000,679124000,187457000,1310743000,1310743000,-424648000,6360998000,5071713000,None,313609000,2822000,807661000,3414764000,4005051000,1605131000,30394000,17149000,632846000,None
283,LEN,2011-11-30,3095385000,157956000,136456000,None,None,162970000,20000000,-14570000,92199000,184724,1163604000,1163604000,-259135000,5851146000,4360535000,None,319245000,9936000,None,2696468000,3362759000,956401000,29906000,5724000,621220000,None
284,LEN,2010-11-30,3074022000,148437000,93926000,None,None,143946000,28200000,-25734000,95261000,183101,1394135000,1394135000,274228000,5593468000,4169608000,None,195065000,5062000,710711000,2608949000,3128154000,894108000,29577000,1806000,615496000,None
285,CMI,2023-12-31,34065000000,25816000000,3333000000,1500000000,691000000,375000000,12903000000,786000000,735000000,141700000,2179000000,2741000000,3966000000,22101000000,5677000000,81000000,6249000000,1213000000,1800000000,8850000000,6493000000,17851000000,921000000,0,9359000000,118000000
286,CMI,2022-12-31,28074000000,21355000000,2687000000,1278000000,557000000,199000000,11421000000,636000000,2151000000,141500000,2020000000,2573000000,1962000000,20074000000,5603000000,459000000,5521000000,916000000,1759000000,8975000000,7973000000,18037000000,855000000,374000000,9415000000,573000000
287,CMI,2021-12-31,24021000000,18326000000,2374000000,1090000000,514000000,111000000,7084000000,587000000,2131000000,142800000,2592000000,3187000000,2256000000,14309000000,4355000000,526000000,4422000000,786000000,1538000000,8146000000,4520000000,16741000000,809000000,1402000000,9123000000,59000000
288,CMI,2020-12-31,19811000000,14917000000,2125000000,906000000,504000000,100000000,6335000000,527000000,1789000000,147900000,3401000000,3862000000,2722000000,13635000000,3425000000,3992000000,4255000000,575000000,1441000000,8062000000,4727000000,15419000000,782000000,641000000,7779000000,62000000
289,CMI,2019-12-31,23571000000,17591000000,2454000000,1001000000,494000000,109000000,6260000000,566000000,2260000000,151200000,1129000000,1470000000,3181000000,11272000000,3486000000,3861000000,4245000000,775000000,1237000000,7507000000,2737000000,14416000000,761000000,1271000000,7225000000,31000000
290,CMI,2018-12-31,23771000000,18034000000,2437000000,902000000,455000000,114000000,6384000000,566000000,2141000000,158791324,1303000000,1525000000,2378000000,10803000000,3759000000,3983000000,4096000000,784000000,1222000000,7348000000,2724000000,12917000000,718000000,1140000000,6028000000,45000000
291,CMI,2017-12-31,20428000000,15328000000,2429000000,754000000,467000000,81000000,5677000000,1371000000,999000000,165501280,1369000000,1567000000,2277000000,9911000000,3166000000,3770000000,3927000000,587000000,1156000000,7259000000,2364000000,11464000000,701000000,451000000,4905000000,63000000
292,CMI,2016-12-31,17509000000,13051000000,2099000000,637000000,434000000,69000000,4325000000,474000000,1394000000,167653640,1120000000,1380000000,1939000000,7837000000,2675000000,3217000000,3800000000,594000000,946000000,6875000000,2112000000,11040000000,676000000,778000000,4489000000,35000000
293,CMI,2015-12-31,19110000000,14163000000,2092000000,735000000,419000000,65000000,3803000000,555000000,1399000000,175450324,1711000000,1811000000,2065000000,7384000000,2707000000,2996000000,3745000000,799000000,975000000,7406000000,1860000000,10322000000,622000000,900000000,3735000000,39000000
294,CMI,2014-12-31,19221000000,14360000000,2095000000,754000000,351000000,64000000,4021000000,698000000,1651000000,181250272,2301000000,2394000000,2266000000,7671000000,2866000000,3116000000,3686000000,798000000,981000000,7749000000,2016000000,9545000000,512000000,670000000,2844000000,23000000
295,CMI,2013-12-31,17301000000,13021000000,1817000000,713000000,318000000,41000000,3368000000,531000000,1483000000,185777528,2699000000,2849000000,2089000000,6858000000,2381000000,2649000000,3156000000,740000000,931000000,7510000000,1630000000,8406000000,420000000,381000000,2195000000,51000000
296,CMI,2012-12-31,17334000000,12918000000,1808000000,728000000,287000000,32000000,3136000000,533000000,1645000000,188347284,1369000000,1616000000,1532000000,5574000000,2221000000,2475000000,2724000000,777000000,897000000,6603000000,653000000,7343000000,340000000,256000000,1830000000,61000000
297,CMI,2011-12-31,18048000000,13459000000,1837000000,629000000,264000000,44000000,3657000000,725000000,1848000000,190488844,1484000000,1761000000,2073000000,5837000000,2141000000,2526000000,2288000000,682000000,838000000,5492000000,638000000,6038000000,255000000,629000000,1587000000,97000000
298,CMI,2010-12-31,13226000000,10058000000,1487000000,414000000,248000000,40000000,3260000000,477000000,1040000000,195796620,1023000000,1362000000,1006000000,5406000000,1977000000,2243000000,2041000000,407000000,734000000,4670000000,636000000,4445000000,200000000,241000000,964000000,None
299,CMI,2009-12-31,10800000000,8631000000,1239000000,362000000,269000000,35000000,2432000000,156000000,428000000,198483992,930000000,1120000000,1137000000,4796000000,1341000000,2004000000,1886000000,345000000,574000000,3773000000,561000000,3575000000,141000000,20000000,731000000,None
300,PPG,2023-12-31,18119000000,15821000000,4222000000,456000000,391000000,247000000,5054000000,439000000,1270000000,235210854,1514000000,1589000000,2411000000,13624000000,2127000000,3279000000,3644000000,549000000,259000000,7832000000,6042000000,21500000000,598000000,86000000,13600000000,302000000
301,PPG,2022-12-31,17539000000,15793000000,3842000000,470000000,388000000,167000000,4721000000,325000000,1026000000,235073926,1099000000,1154000000,963000000,14035000000,2272000000,3303000000,3328000000,518000000,244000000,6592000000,6796000000,20828000000,570000000,190000000,13525000000,303000000
302,PPG,2021-12-31,16913000000,14809000000,3780000000,463000000,389000000,121000000,4766000000,374000000,1439000000,235907026,1005000000,1072000000,1562000000,14940000000,2171000000,3152000000,3442000000,371000000,274000000,6286000000,6565000000,20372000000,536000000,210000000,13386000000,3000000
303,PPG,2020-12-31,13780000000,11989000000,3389000000,401000000,371000000,138000000,4831000000,291000000,1059000000,236686265,1826000000,1922000000,2130000000,13741000000,1735000000,2726000000,3127000000,304000000,267000000,5689000000,5334000000,19469000000,496000000,0,13158000000,175000000
304,PPG,2019-12-31,15135000000,13038000000,3604000000,456000000,375000000,132000000,4375000000,392000000,1243000000,235680470,1216000000,1273000000,2080000000,12305000000,1710000000,2756000000,2983000000,413000000,258000000,5284000000,5031000000,18906000000,468000000,325000000,13191000000,503000000
305,PPG,2018-12-31,15419000000,4229000000,3573000000,464000000,354000000,118000000,4373000000,353000000,1341000000,235861434,902000000,963000000,1467000000,11283000000,1783000000,2845000000,2805000000,411000000,251000000,4630000000,5000000000,18131000000,453000000,1721000000,12958000000,647000000
306,PPG,2017-12-31,14718000000,1080000000,3554000000,472000000,331000000,105000000,3895000000,615000000,1594000000,251174399,1436000000,1491000000,1568000000,10866000000,1730000000,2903000000,2824000000,360000000,268000000,5557000000,4123000000,17140000000,434000000,813000000,11251000000,4000000
307,PPG,2016-12-31,14834000000,4424000000,3555000000,473000000,319000000,125000000,4253000000,214000000,873000000,257330160,1820000000,1863000000,1351000000,10856000000,1514000000,2654000000,2608000000,402000000,179000000,4828000000,4299000000,15984000000,414000000,1050000000,10472000000,530000000
308,PPG,2015-12-31,15248000000,4371000000,3584000000,484000000,314000000,125000000,4695000000,413000000,1406000000,266876009,1311000000,1455000000,1895000000,12007000000,1659000000,2709000000,2608000000,476000000,367000000,4983000000,4265000000,15521000000,383000000,751000000,9440000000,254000000
309,PPG,2014-12-31,14934000000,4440000000,3696000000,499000000,324000000,187000000,4875000000,237000000,2102000000,135982283,686000000,1183000000,1528000000,12270000000,1825000000,2815000000,2895000000,587000000,443000000,5180000000,3877000000,14498000000,361000000,750000000,8714000000,366000000
310,PPG,2013-12-31,15108000000,4422000000,3486000000,479000000,333000000,196000000,4135000000,253000000,3231000000,138646382,1116000000,1745000000,1791000000,10665000000,1825000000,2736000000,2876000000,515000000,393000000,4932000000,3877000000,12757000000,345000000,1000000000,8002000000,4000000
311,PPG,2012-12-31,13512000000,4201000000,2987000000,444000000,292000000,210000000,4461000000,148000000,941000000,153566297,1306000000,2393000000,1787000000,11556000000,1687000000,2813000000,2888000000,411000000,422000000,4063000000,3939000000,9871000000,358000000,92000000,5496000000,603000000
312,PPG,2011-12-31,13153000000,3717000000,3122000000,443000000,305000000,210000000,3702000000,260000000,1095000000,151888780,1306000000,1331000000,1436000000,10936000000,1607000000,2830000000,2721000000,390000000,387000000,3249000000,3617000000,9288000000,355000000,858000000,5506000000,75000000
313,PPG,2010-12-31,13423000000,3476000000,2979000000,408000000,346000000,189000000,3625000000,415000000,769000000,160381815,1341000000,1978000000,1310000000,11142000000,1573000000,2778000000,2686000000,307000000,550000000,3638000000,4013000000,8548000000,447000000,586000000,4708000000,4000000
314,PPG,2009-12-31,12239000000,3602000000,2936000000,403000000,354000000,193000000,3577000000,191000000,336000000,165667659,1057000000,1064000000,1345000000,10318000000,1548000000,2628000000,2754000000,239000000,499000000,3753000000,4299000000,8139000000,430000000,59000000,4218000000,4000000
315,FAST,2023-12-31,7340200000,5828700000,1825800000,None,166600000,10800000,661300000,367000000,1155000000,571982367,221300000,221300000,1432700000,1114100000,1522700000,1087600000,1011100000,172800000,None,3348800000,260000000,3356900000,1016800000,0,None,60000000
316,FAST,2022-12-31,6965200000,5537700000,1762200000,None,165900000,14300000,789800000,353100000,1086900000,570811674,230100000,230100000,941000000,1385400000,1708000000,1013200000,1010000000,173800000,None,3163200000,555000000,3218700000,711300000,237800000,None,201800000
317,FAST,2021-12-31,6002300000,4804300000,1559800000,None,159900000,9700000,682200000,282800000,925000000,575464682,236200000,236200000,770100000,1256800000,1523600000,900200000,1019200000,156600000,None,3042200000,390000000,2970900000,643700000,0,None,60000000
318,FAST,2020-12-31,5639000000,4516000000,1426000000,None,153300000,9700000,612700000,273600000,859100000,574159575,245700000,245700000,1101800000,1231500000,1337500000,769400000,1030700000,168100000,None,2733200000,405000000,2689600000,803400000,52000000,None,40000000
319,FAST,2019-12-31,5321000000,4281800000,1458200000,None,144600000,13900000,544700000,252800000,790900000,574128911,174900000,174900000,842700000,1134300000,1366400000,741800000,1023200000,246400000,None,2665600000,345000000,2633900000,498600000,0,None,3000000
320,FAST,2018-12-31,4953000000,3970500000,1400200000,None,134100000,12600000,437400000,235100000,751900000,285901919,167200000,167200000,674200000,1018800000,1278700000,714300000,924800000,176300000,None,2302700000,500000000,2341600000,441900000,103000000,None,3000000
321,FAST,2017-12-31,4382400000,3513500000,1282800000,None,123600000,9100000,351000000,294500000,578600000,287591536,116900000,116900000,585200000,813600000,1092900000,607800000,893600000,119900000,None,2096900000,415000000,2110600000,369100000,82600000,None,3000000
322,FAST,2016-12-31,3956064000,3167256000,1169500000,None,103500000,6500000,275700000,290300000,499400000,289161924,112700000,112735000,519900000,735800000,993000000,499716000,899700000,189451000,None,1933100000,390000000,1940100000,346588000,59500000,None,10500000
323,FAST,2015-12-31,3867490000,3042370000,1121500000,None,86100000,3100000,373166000,309700000,516400000,289581682,129000000,129019000,550300000,731062000,913263000,468375000,818889000,155168000,None,1801400000,365000000,1842772000,327101000,292900000,None,62050000
324,FAST,2014-12-31,3733556000,2947408000,1110776000,None,72145000,915000,375353000,293284000,494150000,295867844,114400000,114496000,499392000,443802000,869224000,462077000,763889000,189474000,None,1915300000,90000000,1886350000,296581000,52942000,None,90000000
325,FAST,2013-12-31,3326636000,2614513000,1007431000,None,63770000,113000,239832000,264832000,448636000,296753544,58506000,58957000,416120000,303087000,784068000,414331000,654850000,206540000,None,1772697000,None,1688781000,237456000,9080000,None,0
326,FAST,2012-12-31,3133980000,2460882000,941236000,None,53459000,0,204174000,253619000,420536000,296564382,79611000,79965000,396292000,255472000,715383000,372159000,516427000,138406000,None,1560360000,None,1477601000,367306000,0,None,None
327,FAST,2011-12-31,2766665000,2192649000,859369000,None,44113000,0,187818000,217152000,357929000,295258674,117676000,144841000,268489000,225972000,646152000,338594000,435601000,119831000,0,1458976000,None,1424371000,191741000,0,None,None
328,FAST,2010-12-31,2269471000,1839814000,745112000,None,40688000,None,162185000,165284000,265356000,147430712,143693000,169760000,240488000,185771000,557369000,270133000,363419000,83926000,5152000,1282512000,None,1258183000,182814000,0,None,None
329,FAST,2009-12-31,1930330000,1633754000,686792000,None,40020000,None,119509000,113133000,184357000,147430712,164852000,189252000,306070000,136515000,508405000,214169000,335004000,52639000,6238000,1190843000,None,1175641000,106943000,41104000,None,None
330,FIS,2023-12-31,9011000000,8869000000,2096000000,None,None,713000000,18318000000,157000000,-6654000000,589000000,440000000,440000000,4335000000,36006000000,None,1730000000,695000000,833000000,195000000,19093000000,14318000000,-22864000000,1231000000,522000000,4724000000,1348000000
331,FIS,2022-12-31,14228000000,32817000000,2182000000,None,None,298000000,16224000000,325000000,-16720000000,592000000,456000000,2188000000,3939000000,35872000000,None,3699000000,709000000,1059000000,393000000,27218000000,16336000000,-14971000000,1138000000,1938000000,4192000000,2130000000
332,FIS,2021-12-31,13133000000,15205000000,3938000000,None,None,216000000,14466000000,371000000,417000000,610000000,2010000000,2010000000,4810000000,35399000000,551000000,3772000000,949000000,1286000000,358000000,47347000000,16442000000,2889000000,961000000,2114000000,2266000000,1617000000
333,FIS,2020-12-31,12213000000,14400000000,3516000000,None,None,339000000,12361000000,96000000,158000000,622000000,1959000000,1959000000,4442000000,34355000000,3252000000,3314000000,887000000,1150000000,81000000,49300000000,17265000000,3440000000,868000000,112000000,150000000,1314000000
334,FIS,2019-12-31,9727000000,10808000000,2667000000,None,None,389000000,10382000000,100000000,298000000,616000000,1152000000,1152000000,2410000000,34350000000,2882000000,3242000000,900000000,1043000000,142000000,49440000000,17369000000,4161000000,656000000,453000000,52000000,140000000
335,FIS,2018-12-31,8058000000,7624000000,1301000000,None,None,314000000,3125000000,208000000,846000000,325000000,703000000,703000000,1993000000,13548000000,700000000,1472000000,587000000,713000000,151000000,10215000000,8718000000,4528000000,421000000,1255000000,4687000000,48000000
336,FIS,2017-12-31,8630000000,7749000000,1442000000,None,None,359000000,4011000000,-321000000,1261000000,330000000,665000000,665000000,1741000000,13706000000,677000000,1650000000,610000000,697000000,171000000,10711000000,8763000000,4109000000,385000000,153000000,3604000000,1045000000
337,FIS,2016-12-31,8858000000,8311000000,1707000000,None,None,403000000,3151000000,291000000,525000000,329000000,683000000,683000000,1925000000,16186000000,1484000000,1639000000,626000000,659000000,None,9741000000,10478000000,3299000000,341000000,40000000,3611000000,332000000
338,FIS,2015-12-31,6545200000,5611400000,1102000000,None,None,199000000,2364000000,379000000,632000000,295500000,682000000,687600000,1131000000,16793000000,470700000,1731700000,611000000,424000000,1000000,9321000000,11444000000,3073000000,304700000,320000000,3687000000,15000000
339,FIS,2014-12-31,6518400000,5214700000,815000000,None,None,173000000,1598900000,335000000,679000000,282700000,493000000,492800000,1165000000,7829000000,468100000,1160000000,483300000,398000000,None,6556700000,5067700000,2746800000,275100000,522000000,3423600000,13100000
340,FIS,2013-12-31,6185800000,5072900000,907800000,None,None,198600000,1672700000,308900000,493100000,288800000,548000000,547500000,1060300000,7222800000,386300000,1023700000,439000000,353100000,35800000,6580500000,4468600000,2341900000,256300000,475900000,3003000000,128800000
341,FIS,2012-12-31,5991600000,4801400000,763300000,None,None,231300000,1256800000,270100000,461200000,292400000,517600000,517600000,1046700000,6756100000,88500000,967700000,419500000,297400000,42000000,6640900000,4385500000,2105800000,234800000,511300000,2695700000,153900000
342,FIS,2011-12-31,5486900000,4778800000,647900000,None,None,264800000,1356300000,232400000,469600000,296400000,415500000,415500000,1171500000,7222000000,None,915400000,414500000,331700000,56900000,6503000000,4809800000,1880400000,60400000,364200000,2642200000,259200000
343,FIS,2010-12-31,5076100000,5087900000,654000000,None,None,179800000,1300400000,208400000,404500000,298900000,338000000,338000000,1071300000,7614700000,196100000,889600000,390000000,312400000,33500000,6403200000,5192100000,1471200000,76000000,2539700000,2359400000,256900000
344,FIS,2009-12-31,3635500000,3925600000,547100000,None,None,134000000,1234700000,54700000,105900000,374100000,430900000,430900000,714100000,5479000000,222100000,797400000,375900000,209600000,32000000,8308900000,3253300000,1134600000,49700000,0,256800000,236700000
