,tic,fiscalDateEnding,totalRevenue,costOfRevenue,sellingGeneralAndAdministrative,researchAndDevelopment,depreciation,interestExpense,totalCurrentLiabilities,incomeTaxExpense,netIncome,commonStockSharesOutstanding,cashAndCashEquivalentsAtCarryingValue,cashAndShortTermInvestments,operatingCashflow,totalLiabilities,inventory,currentNetReceivables,propertyPlantEquipment,capitalExpenditures,longTermInvestments,totalShareholderEquity,longTermDebt,retainedEarnings,dividendPayoutCommonStock,paymentsForRepurchaseOfCommonStock,treasuryStock,currentLongTermDebt
0,WYNN,2023-12-31,6041535000,1856250000,1065022000,None,625000000,751509000,2200454000,-496834000,729994000,111737245,2879186000,3174386000,1247879000,15097157000,75552000,341712000,6688479000,442793000,90900000,-251382000,11738337000,-2066953000,84733000,212455000,1836326000,709593000
1,WYNN,2022-12-31,3310708000,1581172000,830450000,None,652100000,650885000,1811423000,9332000,-423856000,113369439,3650440000,3650440000,-71272000,15055465000,70094000,216033000,6896060000,300127000,39900000,-750838000,12116859000,-2711808000,1445000,187499000,1623872000,547543000
2,WYNN,2021-12-31,3369783000,1529675000,796592000,None,685700000,605562000,1287880000,474000,-755786000,115714943,2522530000,2522530000,-222591000,13367041000,69967000,199463000,8765308000,290657000,None,-214418000,11934546000,-2288078000,1553000,13842000,1436373000,50000000
3,WYNN,2020-12-31,1656561000,1452857000,720849000,None,699600000,556474000,1880888000,564671000,-2067245000,107888336,3482032000,3482032000,-1072425000,14606864000,66285000,200158000,9196644000,290115000,None,-351997000,13065770000,-1532420000,108777000,11533000,1422531000,596408000
4,WYNN,2019-12-31,6181404000,1623557000,896670000,None,602900000,414030000,1982884000,176840000,122985000,107363943,2351904000,2351904000,901070000,12329809000,88519000,346429000,9623832000,1063293000,None,1743045000,10403859000,641818000,566521000,66986000,1410998000,323876000
5,WYNN,2018-12-31,6717660000,5268663000,761415000,None,546100000,381849000,1882063000,-497344000,572430000,107232026,2215001000,2215001000,961489000,11401480000,66627000,276644000,9385920000,1475972000,0,2034123000,9423100000,921785000,569781000,159544000,1344012000,11960000
6,WYNN,2017-12-31,6070160000,5050610000,685485000,None,547900000,388664000,1930290000,-328985000,747181000,103005866,2804474000,2971247000,1876577000,11603389000,71636000,224128000,8498756000,935474000,160682000,947846000,9628626000,635067000,320760000,17771000,1184468000,62690000
7,WYNN,2016-12-31,4345797000,3720466000,548143000,None,398200000,289365000,1416301000,8128000,241975000,101799471,2453122000,2626559000,970546000,11695676000,91541000,218968000,8259631000,1225943000,128023000,157949000,10125352000,95097000,325217000,14017000,1166697000,0
8,WYNN,2015-12-31,3692273000,3237987000,464793000,None,317800000,300906000,1110171000,7723000,195290000,101571909,2080089000,2195386000,572813000,10437314000,74493000,187887000,7477478000,1921240000,136983000,-111979000,9149665000,55332000,499107000,7199000,1152680000,0
9,WYNN,2014-12-31,5192437000,3989286000,492464000,None,311600000,315062000,1308318000,-3782000,731554000,101439297,2182164000,2422304000,1098317000,8851770000,72223000,237957000,5855842000,1127015000,14416000,-28779000,7345262000,164487000,942928000,2062000,1145481000,0
10,WYNN,2013-12-31,5396714000,4132973000,448788000,None,367400000,299022000,1455534000,-17634000,728652000,101192408,2080089000,2254488000,1676642000,8244679000,74739000,241932000,4934449000,506786000,4148000,-184507000,6587568000,66130000,1034986000,15472000,1143419000,1050000
11,WYNN,2012-12-31,4935365000,3889907000,441699000,None,367100000,288759000,1131377000,4299000,502036000,100866712,2182164000,2321051000,1185718000,7172662000,63799000,238573000,4727899000,240985000,4270000,-259037000,5782820000,44775000,955493000,911000,1127947000,1050000
12,WYNN,2011-12-31,5127225000,3882690000,389053000,None,389800000,229918000,1579893000,-19546000,613371000,125080998,1262587000,1384653000,1515835000,4676042000,72061000,238490000,4865332000,184146000,95877000,2089022000,3217719000,36368000,1033447000,7629000,1127036000,407934000
13,WYNN,2010-12-31,4184698000,3301365000,391254000,None,394900000,222863000,887929000,20447000,160127000,124599508,1258499000,1258499000,1057312000,4293912000,86847000,187464000,4921259000,283828000,4232000,2237948000,3267529000,9042000,1192138000,None,1119407000,2675000
14,GL,2023-12-31,5447533000,4187591000,302061000,None,21000000,102316000,486113000,223511000,970755000,102218183,103156000,184896000,1482425000,23564696000,-815119000,None,239897000,49553000,835878000,4486803000,1629559000,7478813000,84116000,511100000,854283000,0
15,GL,2022-12-31,5226740000,4232047000,307516000,None,21000000,90395000,614603000,207725000,894386000,105218183,92559000,206680000,1422194000,22037220000,-18104485000,None,211731000,27929000,976016000,3949577000,1793452000,6894535000,80547000,454638000,789524000,165500000
16,GL,2021-12-31,5112869000,4259798000,282029000,None,20000000,83486000,629396000,167431000,744959000,109218183,92163000,161308000,1437680000,21125242000,-999818000,None,205000000,38244000,793925000,2003808000,1696246000,6182100000,80043000,541435000,846659000,149752000
17,GL,2020-12-31,4737921000,3836866000,254932000,None,17000000,86704000,254918000,164911000,731773000,113218183,94847000,202629000,1476434000,20275639000,-998195000,None,186000000,41756000,546981000,-659696000,1667886000,5874109000,78192000,443866000,772914000,0
18,GL,2019-12-31,4527532000,3616874000,249079000,None,16000000,84306000,308113000,170397000,760790000,117218183,75933000,114218000,1363874000,18683153000,-887849000,None,161000000,42203000,326347000,7294307000,1358363000,5551329000,74188000,459569000,750624000,9375000
19,GL,2018-12-31,4303751000,3438276000,227531000,None,13000000,90076000,314723000,162161000,701466000,121218183,121026000,184314000,1277647000,17680545000,None,None,135000000,45092000,207258000,5415177000,1364060000,5213468000,71421000,421749000,763398000,6875000
20,GL,2017-12-31,4155573000,3348536000,210590000,None,11000000,84532000,332442000,-627615000,1454494000,115052160,118563000,245634000,1429058000,17243564000,None,None,108000000,20285000,108559000,6231421000,1136576000,4806208000,68831000,412989000,631755000,4375000
21,GL,2016-12-31,3934629000,3151711000,197151000,None,10000000,83345000,266350000,232645000,549779000,118574325,76163000,148203000,1398708000,16869226000,None,None,97000000,25162000,53852000,4566861000,1135040000,3890798000,66931000,404784000,519150000,1875000
22,GL,2015-12-31,3766065000,2991087000,186191000,None,8000000,76642000,490129000,249894000,527100000,123011737,61383000,116149000,1120050000,15797661000,None,None,83000000,36957000,36803000,4055552000,743733000,3614369000,66899000,418526000,403266000,0
23,GL,2014-12-31,3620095000,2858966000,182377000,None,7400000,76126000,238398000,256603000,542939000,128297498,66019000,81901000,864708000,15574793000,None,None,54000000,19367000,10449000,4697466000,992130000,3376846000,65006000,449308000,268663000,None
24,GL,2013-12-31,3494253000,2746928000,180053000,None,6400000,80461000,229070000,248110000,528472000,90038447,36943000,113833000,1119280000,14415402000,None,None,51000000,11168000,13207000,3776342000,990865000,3495533000,60911000,482264000,543448000,None
25,GL,2012-12-31,3589516000,2861356000,165405000,None,7100000,80512000,412999000,236669000,529324000,94390794,61710000,156570000,942839000,14415124000,None,None,46000000,4667000,18539000,4361786000,989686000,3403338000,55527000,570165000,512421000,93956000
26,GL,2011-12-31,3377401000,2679523000,178989000,None,6800000,77908000,224842000,226166000,497161000,101303242,84113000,105357000,859464000,12728641000,None,None,48000000,5386000,26167000,3859631000,914282000,3264711000,49125000,972556000,492639000,0
27,GL,2010-12-31,3367632000,2654402000,155615000,None,6000000,75529000,198875000,246475000,498866000,119612186,365679000,582359000,1028593000,12143521000,None,None,54000000,9181000,42985000,3667329000,789643000,3473482000,50061000,246006000,32619000,None
28,GL,2009-12-31,3115073000,2408505000,150680000,None,4600000,69932000,233307000,191024000,404953000,186825576,231918000,589517000,976113000,12624868000,None,None,None,6499000,52428000,3068043000,None,3228904000,46615000,47564000,36066000,None
29,REG,2023-12-31,1322466000,454870000,97806000,None,None,154249000,510612000,895000,364557000,176371000,84971000,84971000,719591000,5234978000,322777000,None,6662000,232855000,370605000,7032687000,4153949000,-1871603000,453065000,20006000,25488000,152000000
30,REG,2022-12-31,1224022000,393472000,79903000,588000,None,146186000,317259000,-39000,482865000,169460000,66466000,68776000,655815000,4682181000,-6575000,None,5808000,195418000,350377000,6096985000,3726754000,-1764977000,428276000,75419000,24461000,None
31,REG,2021-12-31,1166161000,470510000,78218000,1488000,None,145170000,322271000,1041000,361411000,170694000,93097000,95027000,659388000,4682631000,1,None,5444000,569682000,372591000,6037371000,3718944000,-1814814000,403085000,None,22758000,None
32,REG,2020-12-31,1016175000,494208000,75001000,10470000,None,156678000,567040000,1266000,44889000,169681000,376073000,378450000,499118000,4878757000,1,None,6560000,197671000,467155000,5984912000,3923084000,-1765806000,300537000,0,24436000,264679000
33,REG,2019-12-31,1133138000,566294000,74984000,2537000,None,151264000,698088000,1245000,239430000,167568000,113020000,115562000,621271000,4842292000,-2987000,None,7098000,422456000,469522000,6213348000,3919544000,-1408062000,390598000,32778000,23199000,50359000
34,REG,2018-12-31,1120975000,519664000,65491000,None,None,148456000,369807000,522000,249127000,169705000,42532000,42532000,610327000,4494495000,60516000,None,6127000,311480000,463001000,6397970000,3715212000,-1255465000,375978000,213851000,19834000,22734000
35,REG,2017-12-31,984326000,156864000,22500000,None,None,132629000,857533000,-9647000,176077000,169670000,45370000,45370000,469784000,4412663000,27644000,None,6123000,471584000,386304000,6733054000,3594977000,-1158170000,322650000,0,-18307000,122867000
36,REG,2016-12-31,614371000,40451000,16400000,None,None,90712000,417431000,-306000,165179000,101285000,13256000,13256000,297177000,28214000,23965000,None,4094000,566671000,296699000,4266922000,1642420000,-994259000,201029000,29000,-17062000,91618000
37,REG,2015-12-31,24519000,26897000,12600000,None,None,95312000,329515000,1996000,22779000,94856000,40623000,40623000,22618000,28632000,25326000,None,3502113000,-2300000,306206000,1902978000,1864285000,-936020000,202454000,None,-19658000,1884824000
38,REG,2014-12-31,23000000,27130000,10400000,None,None,101335000,256197000,1152000,49443000,92404000,121789000,121789000,48074000,28149000,20121000,None,3476178000,231570000,333167000,2053157000,2021357000,-882372000,193662000,None,-19382000,2040151000
39,REG,2013-12-31,24153000,12555000,10000000,None,None,101002000,222045000,0,28392000,91409000,90204000,90204000,26871000,26957000,17161000,None,None,21135000,358849000,1854697000,1854697000,-874916000,188835000,None,-16726000,None
40,REG,2012-12-31,25423000,87699000,10500000,None,None,104312000,297109000,13824000,-170515000,89669000,22349000,22349000,-87133000,44244000,23429000,None,None,70691000,442927000,1958191000,1941891000,-834810000,188081000,None,-14924000,None
41,REG,2011-12-31,28980000,10020000,56117000,None,None,126087000,2097001093,2705000,-14454000,88259000,17451775,17451775,61370000,33800000,-6050000,None,1273606000,152698000,386882000,1995540000,1982440000,-662734624,183878000,None,-15197000,None
42,REG,2010-12-31,486806000,15150000,56324000,None,None,127695000,2195515729,-1499000,-43339000,82602000,22460118,22460118,-1824000,35000000,610932000,None,None,90458000,428592000,2094469000,2094469000,-531504340,172517000,None,None,None
43,AOS,2023-12-31,3840800000,3126800000,727400000,97500000,None,12000000,945300000,176900000,556600000,148344025,339900000,363400000,670300000,1369500000,497400000,596000000,597500000,72600000,None,1844400000,127300000,3258100000,183500000,306500000,2202500000,10000000
44,AOS,2022-12-31,3744500000,3108000000,670900000,89000000,None,9400000,934200000,-12000000,235700000,152268436,391200000,481800000,391400000,1584600000,516400000,581200000,590700000,70300000,None,1747700000,344500000,2885000000,177200000,403500000,1905700000,10000000
45,AOS,2021-12-31,3534600000,2941700000,701400000,94200000,None,4300000,1118800000,138500000,487100000,158695692,443300000,631400000,641100000,1642200000,447700000,634400000,606700000,75100000,None,1832200000,196700000,2826600000,170100000,366500000,1503400000,6800000
46,AOS,2020-12-31,2888000000,2469600000,660300000,80700000,None,7300000,886300000,99000000,344900000,161632265,573100000,689600000,562100000,1312400000,300100000,585000000,541300000,56800000,None,1848300000,113200000,2509600000,158700000,56700000,1155900000,6800000
47,AOS,2019-12-31,2981700000,2543400000,715600000,87900000,None,11000000,766500000,102100000,370000000,162912432,374000000,551400000,456200000,1391200000,303000000,589500000,545400000,64400000,None,1666800000,284000000,2323400000,149200000,287700000,1112700000,6800000
48,AOS,2018-12-31,3179500000,2657200000,753800000,94000000,None,8400000,785300000,113600000,444200000,169265139,259700000,645000000,448900000,1354500000,304700000,647300000,540000000,85200000,None,1717000000,221400000,2102800000,130100000,202600000,827200000,0
49,AOS,2017-12-31,2986600000,2489900000,722800000,86400000,None,10100000,793800000,224300000,296500000,171855459,346600000,820000000,326400000,1552500000,297000000,592700000,528900000,94200000,None,1644900000,410400000,1788700000,96900000,139100000,626500000,7500000
50,AOS,2016-12-31,2678600000,2238900000,662500000,80100000,None,7300000,765600000,136000000,326500000,173791917,330400000,754600000,446600000,1375700000,251100000,518700000,461900000,80700000,None,1511400000,323600000,1593000000,84200000,135200000,488100000,7200000
51,AOS,2015-12-31,2528500000,2151600000,610700000,73700000,None,7400000,653200000,119600000,282900000,87978865,323600000,645200000,351700000,1186900000,222900000,501400000,442700000,72700000,None,1442300000,249000000,1350700000,67800000,128100000,360500000,12900000
52,AOS,2014-12-31,2350200000,2083100000,572100000,67900000,None,5700000,605200000,78900000,207800000,89495639,319400000,541900000,264000000,1134000000,208300000,475400000,427700000,86100000,None,1381300000,223800000,1135500000,54400000,103800000,230500000,13700000
53,AOS,2013-12-31,2147900000,1932300000,524500000,57800000,None,5700000,590900000,66700000,169700000,91220556,380700000,486000000,279600000,1062800000,193400000,458700000,391300000,97700000,None,1328700000,191900000,982200000,42600000,73700000,132600000,14200000
54,AOS,2012-12-31,1972200000,1748500000,450500000,51700000,None,9200000,506300000,71200000,158700000,46217537,266900000,462900000,143800000,1084700000,163400000,425400000,345700000,69900000,None,1194100000,243700000,855100000,33200000,22000000,69600000,18600000
55,AOS,2011-12-31,1702100000,1559500000,372800000,42700000,None,9300000,512300000,50300000,305700000,46062374,463400000,463400000,58700000,1263200000,168400000,368400000,315300000,53500000,None,1085800000,461600000,729900000,27700000,23500000,72400000,18600000
56,AOS,2010-12-31,1482400000,1407400000,328700000,37100000,None,6900000,536800000,17300000,111700000,45815174,118900000,118900000,124800000,1229200000,146800000,313300000,258400000,53500000,None,881400000,261000000,452100000,24700000,None,74600000,18600000
57,TFX,2023-12-31,2908221000,2544787000,929867000,154351000,68144000,85082000,606745000,76440000,356328000,47002000,222848000,222848000,1298799000,3091558000,626216000,443467000,479913000,91442000,None,4440988000,1815072000,4109736000,63896000,None,152101000,87500000
58,TFX,2022-12-31,2757203000,2374591000,863748000,153819000,66502000,54264000,581492000,83003000,363139000,46910000,292034000,292034000,1108210000,2906095000,578507000,408834000,447205000,79190000,None,4021968000,1711523000,3817304000,63789000,None,154889000,87500000
59,TFX,2021-12-31,2758904000,2379146000,860085000,130841000,71758000,56969000,680119000,74349000,485374000,46849000,445084000,445084000,1843146000,3116974000,477643000,383569000,443758000,71618000,None,3754748000,1850102000,3517954000,63648000,None,157266000,110000000
60,TFX,2020-12-31,2489840000,2221593000,743568000,119747000,68567000,66494000,540027000,21931000,335324000,46599000,375880000,375880000,1232463000,3816102000,513196000,395071000,473912000,90694000,None,3336457000,2478388000,3096228000,63221000,None,162590000,100500000
61,TFX,2019-12-31,2525136000,2278697000,851766000,113857000,64088000,80270000,563055000,-122078000,461466000,46332000,301083000,301083000,958681000,3330500000,476557000,418673000,430719000,102695000,0,2979320000,1908943000,2824916000,62828000,None,165720000,50000000
62,TFX,2018-12-31,2345363000,2236573000,797062000,106208000,60494000,103020000,582456000,23196000,200802000,45995000,357161000,357161000,777716000,3738013000,427778000,366286000,432766000,80795000,0,2539978000,2158825000,2427599000,62165000,None,168545000,86625000
63,TFX,2017-12-31,2058164000,1849592000,699963000,84770000,56497000,82546000,483876000,129648000,152530000,45091000,333558000,333558000,641064000,3750961000,395744000,345875000,382999000,70903000,0,2430531000,2249552000,2285886000,61237000,None,228856000,86625000
64,TFX,2016-12-31,1793825000,1622708000,563308000,58579000,54415000,54941000,427646000,8074000,237377000,44057000,543789000,543789000,789451000,1751872000,316171000,271993000,302899000,53135000,0,2137517000,1033323000,2194593000,58960000,None,170973000,183071000
65,TFX,2015-12-31,1737913000,1567422000,568982000,52119000,46013000,61323000,664120000,7838000,244863000,41606000,338366000,338366000,596452000,1860681000,330275000,262416000,316123000,61448000,152000,2009272000,1059200000,2016176000,56532000,None,119424000,417350000
66,TFX,2014-12-31,1774374000,1603091000,578657000,61040000,50207000,65458000,632769000,28650000,187679000,41423000,303236000,303236000,286565000,2009088000,335593000,273704000,317435000,67571000,1150000,1911309000,1068401000,1827845000,56258000,None,121455000,368401000
67,TFX,2013-12-31,128512000,-710433000,502187000,65045000,42368000,56905000,635120000,23547000,150881000,41159000,431984000,42749000,-135786000,2292991000,333621000,1822000,325900000,63580000,1715000,1913527000,1286287000,1696424000,55917000,None,124623000,351587000
68,TFX,2012-12-31,76967000,-671258000,454489000,56278000,36204000,69565000,274405000,16413000,-190057000,40943000,337039000,337039000,186054000,1957960000,-15893000,297976000,297945000,65394000,2066000,5192005000,965280000,1601460000,55589000,None,127948000,4700000
69,TFX,2011-12-31,137499000,-571279000,423909000,41648000,40336000,70317000,271007000,-73608000,323329000,40726000,584088000,584088000,94478000,1941320000,298775000,286226000,53775000,45087000,2008000,1980588000,954809000,1847106000,55136000,None,131053000,4986000
70,TFX,2010-12-31,1675451000,1534524000,403635000,42380000,41225000,79789000,420763000,16918000,201094000,39987000,208452000,208452000,213102000,1855877000,338598000,294196000,287705000,33537000,4899000,1783376000,885909000,1578913000,54312000,None,135058000,72500000
71,CRL,2023-12-31,4082941000,962393000,747855000,None,176700000,136710000,1055082000,100914000,474624000,51338000,276771000,276771000,683898000,4536003000,380259000,780375000,1639741000,318528000,243811000,3596882000,5262985000,1887218000,25597000,24155000,0,3172000
72,CRL,2022-12-31,4098086000,827224000,665098000,None,157300000,59291000,1091585000,130379000,486226000,50944000,233912000,233912000,619640000,4579265000,255809000,752390000,1465655000,324733000,311602000,2976293000,5379742000,1432901000,None,38651000,0,1347000
73,CRL,2021-12-31,3457220000,759312000,619919000,None,140700000,73910000,1033185000,81873000,390982000,50480000,241214000,242277000,760799000,4432300000,199146000,650381000,1291068000,228772000,149600000,2534820000,5346261000,980751000,45652000,40707000,0,101000
74,CRL,2020-12-31,2939573000,662852000,528935000,None,123000000,86433000,839751000,81808000,364304000,49767000,228424000,229448000,546575000,3347163000,185695000,617740000,1124358000,166560000,197100000,2114602000,3944514000,625414000,46586000,23979000,0,47196000
75,CRL,2019-12-31,2582044000,627506000,517622000,None,108600000,60882000,710181000,50023000,252019000,48936000,238014000,238955000,480936000,3026315000,160660000,514033000,1044128000,140514000,108983000,1634584000,3769311000,280329000,34546000,18087000,0,35548000
76,CRL,2018-12-31,2218252000,519122000,443854000,None,96900000,63772000,558222000,54463000,226373000,48209000,195442000,196327000,441140000,2517576000,127892000,472248000,932877000,140054000,88591000,1317332000,1610546000,42096000,None,13846000,55000,28228000
77,CRL,2017-12-31,1857601000,1156683000,371266000,None,89800000,29777000,463504000,171369000,123355000,47402000,163794000,192283000,318074000,1865906000,114956000,526313000,781973000,82431000,71101000,1045080000,1086223000,288658000,None,106909000,1659914000,28546000
78,CRL,2016-12-31,1681432000,1034766000,364708000,None,85000000,27709000,429593000,66835000,154765000,47363000,117626000,121397000,316899000,1858016000,95833000,446253000,755827000,55288000,45331000,836768000,1180501000,165303000,None,12267000,1553005000,24560000
79,CRL,2015-12-31,1363302000,832210000,300414000,None,70700000,15072000,311761000,43391000,149313000,46698000,117947000,138463000,583612000,1302933000,93735000,316064000,677959000,63252000,61530000,733067000,814236000,10538000,None,117478000,1540738000,15193000
80,CRL,2014-12-31,1297662000,825002000,269033000,None,70500000,11950000,294686000,47671000,126698000,47326000,160023000,162575000,252132000,1166232000,89043000,301771000,676797000,56925000,45348000,672203000,716635000,-138775000,None,122018000,1423260000,31714000
81,CRL,2013-12-31,1165528000,770626000,225695000,None,78800000,20969000,247034000,32911000,102828000,47553841,155927000,156172000,207139000,968098000,89396000,255814000,676182000,39154000,17911000,640984000,663049000,-265473000,None,165932000,1305880000,21241000
82,CRL,2012-12-31,1129530000,966341000,208248000,None,63207000,33342000,342247000,27628000,198842000,48875715,109685000,116695000,207900000,983144000,88470000,235495000,717020000,47534000,8492000,600805000,666448000,-368301000,None,64189000,1135609000,139373000
83,CRL,2011-12-31,1106298000,973803000,198648000,None,63435000,42586000,216797000,17140000,224677000,48875715,68905000,74493000,205283000,1030957000,92969000,214256000,738030000,49143000,16788000,525583000,717902000,-465596000,None,283795000,1071120000,14732000
84,CRL,2010-12-31,1098137000,1401928000,232489000,None,69244000,35279000,259780000,23000,-336669000,56441081,179160000,179160000,169013000,1044646000,100297000,192972000,752657000,42860000,11377000,687423000,700752000,-575162000,None,356527000,768699000,30535000
85,KEY,2023-12-31,6413000000,5223000000,1110000000,None,None,4014000000,3091000000,196000000,967000000,927811000,941000000,11758000000,2903000000,173644000000,-15248000000,None,658000000,142000000,58960000000,14637000000,19554000000,15672000000,911000000,0,5844000000,3053000000
86,KEY,2022-12-31,7272000000,4912000000,1165000000,None,None,885000000,9463000000,422000000,1917000000,925197000,887000000,3319000000,4469000000,176359000000,-4610000000,None,632000000,96000000,3100000000,13454000000,19307000000,15616000000,854000000,0,5910000000,5386000000
87,KEY,2021-12-31,7292000000,4011000000,1167000000,None,None,296000000,761000000,642000000,2625000000,923053000,913000000,11923000000,1153000000,168923000000,-12830000000,None,676000000,66000000,65253000000,17423000000,12042000000,14553000000,823000000,559000000,5979000000,588000000
88,KEY,2020-12-31,6715000000,5130000000,1062000000,None,None,651000000,979000000,227000000,1343000000,968236000,1091000000,17285000000,1673000000,152355000000,-18361000000,None,744000000,63000000,38090000000,17981000000,13709000000,12751000000,829000000,134000000,4946000000,759000000
89,KEY,2019-12-31,6400000000,4346000000,885000000,None,None,1326000000,1092000000,314000000,1717000000,973560000,732000000,2004000000,2906000000,127950000000,-3079000000,None,814000000,85000000,128635000000,17038000000,12448000000,12469000000,804000000,835000000,4909000000,705000000
90,KEY,2018-12-31,6455000000,4221000000,1023000000,None,None,969000000,863000000,344000000,1866000000,1018369000,678000000,3240000000,2506000000,124017000000,-36000000,None,882000000,99000000,121692000000,15595000000,13732000000,11556000000,656000000,1098000000,4181000000,544000000
91,KEY,2017-12-31,6308000000,4327000000,3233000000,None,None,613000000,1011000000,637000000,1296000000,1062424000,671000000,5118000000,1815000000,122673000000,-43000000,None,930000000,112000000,99970000000,15023000000,14333000000,10335000000,480000000,664000000,3150000000,634000000
92,KEY,2016-12-31,5024000000,4022000000,3028000000,None,None,400000000,2310000000,179000000,791000000,1068792000,677000000,3452000000,1689000000,121213000000,-42000000,None,978000000,145000000,98186000000,15240000000,12384000000,9378000000,335000000,140000000,2904000000,808000000
93,KEY,2015-12-31,4256000000,3006000000,2334000000,None,None,274000000,905000000,303000000,916000000,828110000,607000000,3314000000,1131000000,84372000000,-47000000,None,779000000,75000000,66023000000,10746000000,10184000000,8922000000,267000000,448000000,3000000000,503000000
94,KEY,2014-12-31,4114000000,2816000000,2257000000,None,None,261000000,998000000,326000000,900000000,858672000,653000000,4922000000,1320000000,83279000000,-56000000,None,841000000,97000000,63695000000,10530000000,7875000000,8273000000,240000000,484000000,2681000000,251000000
95,KEY,2013-12-31,3962000000,2950000000,1863000000,None,None,295000000,344100000,271000000,910000000,890342000,617000000,6207000000,1547000000,82614000000,-62000000,53500000000,885000000,100000000,60121000000,10303000000,7650000000,7606000000,217000000,474000000,2281000000,None
96,KEY,2012-12-31,4127000000,3136000000,1973000000,None,None,441000000,288500000,231000000,858000000,925630000,585000000,4525000000,1299000000,78927000000,-55000000,None,965000000,164000000,57762000000,10271000000,6847000000,6913000000,191000000,251000000,1952000000,None
97,KEY,2011-12-31,4135000000,2730000000,1866000000,None,None,622000000,337000000,364000000,920000000,948842000,694000000,1857000000,1793000000,78863000000,-78000000,None,944000000,180000000,None,9905000000,9520000000,6246000000,164000000,None,1815000000,None
98,KEY,2010-12-31,3827000000,3672000000,1852000000,None,None,897000000,1151000000,186000000,554000000,875507000,278000000,1636000000,2724000000,80469000000,-175000000,None,908000000,156000000,50978000000,11117000000,10592000000,5557000000,184000000,None,1904000000,None
99,KEY,2009-12-31,1256000000,6713000000,1778000000,None,None,1415000000,340000000,-1035000000,-1335000000,875205000,471000000,471000000,2320000000,82354000000,-280000000,None,880000000,229000000,None,10663000000,11558000000,5158000000,213000000,None,-1980000000,None
100,HSIC,2023-12-31,12252000000,11734000000,2956000000,None,70000000,87000000,2683000000,120000000,416000000,129247765,171000000,171000000,500000000,5420000000,1815000000,1863000000,1161000000,147000000,180000000,3655000000,1937000000,3860000000,2100000000,250000000,None,146000000
101,HSIC,2022-12-31,12603000000,11954000000,2771000000,None,68000000,35000000,2224000000,170000000,538000000,131792817,117000000,117000000,602000000,3936000000,1963000000,1442000000,946000000,96000000,161000000,3446000000,1046000000,3678000000,30000000,485000000,None,2000000
102,HSIC,2021-12-31,12383178000,11691347000,2634000000,None,71000000,28000000,2307000000,198000000,631000000,137145558,118000000,118000000,710000000,3805000000,1861000000,1451829000,366456000,79000000,168118000,3425000000,822000000,3595000000,7471000,401000000,None,8000000
103,HSIC,2020-12-31,10079860000,9707247000,2086000000,None,64000000,41000000,2283102000,95000000,404000000,142462571,421000000,421185000,599000000,3460448000,1512499000,1424787000,342004000,49000000,169382000,3348172000,515773000,3454831000,14299000,74000000,None,107416000
104,HSIC,2019-12-31,10185178000,9389296000,2357920000,None,64400000,50792000,2038369000,159515000,694734000,143353459,106097000,106097000,654087000,3233706000,1428799000,1246246000,329645000,76219000,164659000,2998044000,622908000,3116215000,148146000,525000000,None,108113000
105,HSIC,2018-12-31,13201995000,10291248000,2217273000,None,58100000,76016000,3218827000,107432000,535881000,151401668,56885000,80209000,684706000,4646583000,1415512000,1603711000,314221000,71283000,283091000,2961332000,951458000,3208589000,17515000,200000000,None,8280000
106,HSIC,2017-12-31,12461543000,9714881000,2071576000,None,54700000,51066000,2828975000,308975000,406299000,153690146,158002000,174658000,545515000,4207447000,1933803000,1470047000,375001000,62404000,268364000,2811499000,741653000,2940029000,29134000,450000000,None,16659000
107,HSIC,2016-12-31,11571668000,8345195000,2409008000,None,63800000,31893000,2320646000,217958000,506778000,79402505,62381000,62381000,642576000,3351956000,1665750000,1254139000,333906000,70179000,299249000,2793066000,437476000,2981777000,32350000,550024000,None,65923000
108,HSIC,2015-12-31,10603711000,9994647000,2238051000,None,60200000,26008000,2146997000,211391000,479058000,82415320,72086000,72086000,615500000,3075732000,1509957000,1229816000,318476000,71684000,293273000,2884256000,328631000,2895997000,33301000,299852000,None,17331000
109,HSIC,2014-12-31,10347333000,9745848000,2196173000,None,57600000,24057000,1780111000,215610000,466077000,84008537,89474000,89474000,1164827000,2757835000,1327796000,1127517000,311496000,82116000,261471000,2813594000,182899000,2642523000,24986000,299989000,None,5815000
110,HSIC,2013-12-31,9514371000,8952793000,1978960000,None,52900000,27538000,1550663000,190891000,431554000,85622452,188616000,188616000,664175000,2339096000,1250403000,1055216000,275888000,60215000,208210000,2785197000,29508000,2398267000,29024000,300251000,None,5441000
111,HSIC,2012-12-31,8909065000,8453406000,1873360000,None,52200000,30902000,1472709000,187858000,388076000,87850671,122080000,122080000,408099000,2282958000,1203507000,1015194000,273458000,51237000,191075000,2613585000,1039392000,2183905000,21284000,299883000,None,17992000
112,HSIC,2011-12-31,8499865000,8010293000,1835906000,None,53000000,30377000,1271640000,180212000,367661000,89928082,147284000,147284000,554625000,1904471000,947849000,888248000,262088000,45176000,212860000,2432222000,386343000,2007477000,180254000,200002000,None,22819000
113,HSIC,2010-12-31,7493149000,7062659000,1637460000,None,47900000,33641000,1168087000,160069000,325789000,91939477,150348000,150348000,395480000,1830374000,870206000,885784000,252573000,39000000,198613000,2411625000,399796000,1779178000,159342000,57735000,None,4487000
114,EMN,2023-12-31,9210000000,7149000000,727000000,239000000,405000000,18000000,2576000000,191000000,894000000,222762317,548000000,548000000,1374000000,9103000000,1683000000,888000000,5548000000,833000000,None,5458000000,4305000000,9490000000,376000000,None,6083000000,541000000
115,EMN,2022-12-31,10580000000,8443000000,726000000,264000000,384000000,9000000,3251000000,181000000,793000000,222348557,493000000,493000000,975000000,9431000000,1894000000,992000000,5160000000,624000000,None,5153000000,4025000000,8973000000,381000000,None,5932000000,1126000000
116,EMN,2021-12-31,10476000000,7976000000,795000000,254000000,426000000,5000000,2971000000,215000000,857000000,221809309,459000000,459000000,1619000000,9731000000,1504000000,1264000000,4996000000,578000000,None,5704000000,4412000000,8557000000,375000000,900000000,4860000000,747000000
117,EMN,2020-12-31,8473000000,6498000000,654000000,226000000,445000000,4000000,2038000000,41000000,478000000,220641506,564000000,564000000,1455000000,9975000000,1379000000,1344000000,5549000000,383000000,None,6023000000,5269000000,8080000000,358000000,None,3960000000,349000000
118,EMN,2019-12-31,9273000000,7039000000,691000000,234000000,450000000,4000000,1789000000,140000000,759000000,219638646,204000000,204000000,1504000000,9976000000,1662000000,1191000000,5571000000,425000000,174000000,5958000000,5611000000,7965000000,343000000,None,3900000000,171000000
119,EMN,2018-12-31,10151000000,7672000000,721000000,235000000,437000000,4000000,1851000000,226000000,1080000000,219140523,226000000,226000000,1543000000,10117000000,1583000000,1289000000,5600000000,528000000,126000000,5803000000,5925000000,7573000000,318000000,None,3575000000,243000000
120,EMN,2017-12-31,9549000000,7186000000,729000000,227000000,420000000,8000000,1982000000,-99000000,1384000000,218369992,191000000,191000000,1657000000,10519000000,1509000000,1241000000,5607000000,649000000,95000000,5403000000,6147000000,6802000000,296000000,None,3175000000,393000000
121,EMN,2016-12-31,9008000000,6651000000,707000000,223000000,412000000,7000000,1795000000,190000000,854000000,217707600,181000000,181000000,1385000000,10849000000,1404000000,1047000000,5276000000,626000000,107000000,4532000000,6311000000,5721000000,272000000,None,2825000000,283000000
122,EMN,2015-12-31,9648000000,7068000000,771000000,242000000,402000000,7000000,2056000000,275000000,848000000,216899964,293000000,293000000,1624000000,11559000000,1479000000,884000000,5130000000,652000000,97000000,3941000000,6577000000,5146000000,238000000,None,2680000000,431000000
123,EMN,2014-12-31,9527000000,7306000000,755000000,227000000,355000000,7000000,2022000000,235000000,751000000,216256971,214000000,214000000,1433000000,12482000000,1509000000,1033000000,5087000000,596000000,126000000,3510000000,7248000000,4545000000,210000000,None,2577000000,301000000
124,EMN,2013-12-31,9350000000,6574000000,645000000,193000000,345000000,4000000,1470000000,507000000,1165000000,215131237,237000000,237000000,1297000000,7970000000,1264000000,880000000,4290000000,488000000,None,3796000000,4254000000,4012000000,140000000,None,2167000000,None
125,EMN,2012-12-31,8102000000,6340000000,644000000,198000000,309000000,4000000,1364000000,206000000,437000000,213406523,249000000,249000000,1128000000,8682000000,1260000000,846000000,4181000000,470000000,None,2943000000,4783000000,3038000000,192000000,None,1929000000,None
126,EMN,2011-12-31,7178000000,5609000000,481000000,159000000,261000000,76000000,1114000000,274000000,646000000,196455131,577000000,777000000,625000000,4283000000,779000000,632000000,3107000000,466000000,None,1870000000,1598000000,2760000000,136000000,None,1930000000,None
127,EMN,2010-12-31,5842000000,4383000000,434000000,152000000,238000000,99000000,1070000000,202000000,425000000,193688890,516000000,516000000,575000000,4359000000,608000000,545000000,3219000000,250000000,None,1627000000,1604000000,2253000000,127000000,None,1615000000,None
128,EMN,2009-12-31,4969000000,4867000000,367000000,124000000,227000000,78000000,800000000,100000000,136000000,189550128,793000000,793000000,758000000,4002000000,531000000,277000000,3110000000,318000000,None,1513000000,1604000000,1957000000,128000000,None,1335000000,None
129,BXP,2023-12-31,3273569000,1274793000,170158000,None,None,579572000,763189000,101209001,190215000,156940866,1531477000,1531477000,1301520000,17833785000,None,None,9444392000,525963000,1377319000,5876697000,15856297000,-816152000,687809000,None,2722000,None
130,BXP,2022-12-31,3108581000,1179054000,146378000,None,None,437139000,691962000,437139000,848947000,156757867,690333000,690333000,1282399000,15837237000,None,None,8847438000,1820546000,1715911000,6132919000,14240336000,-391356000,685019000,None,2722000,None
131,BXP,2021-12-31,2888621000,1074333000,151573000,None,None,423346000,721780000,547519000,505195000,156544849,452692000,452692000,1133227000,14322462000,1,None,8901061000,736138000,1482997000,5834020000,12896609000,-625911000,683753000,None,2722000,145000000
132,BXP,2020-12-31,2765686000,1071611000,133112000,None,None,431717000,613634000,492947000,872727000,155718825,1668742000,1668742000,1156840000,14511681000,1,None,8740465000,620483000,1310478000,5996083000,13047758000,-509653000,688904000,None,2722000,None
133,BXP,2019-12-31,2960562000,1134439000,140777000,None,None,412717000,638282000,589774000,521534000,154790298,644950000,644950000,1181165000,13262304000,1,None,8602094000,695091000,955647000,5684687000,11811806000,-760523000,666294000,None,2722000,None
134,BXP,2018-12-31,2717076000,1067762000,121722000,None,None,378168000,531026000,177046000,582847000,154458478,543359000,543359000,1150245000,12042509000,-80943000,None,8092647000,694791000,956309000,5883171000,11007757000,-675534000,587628000,None,2722000,None
135,BXP,2017-12-31,2602076000,996641000,113715000,None,None,374481000,599186000,478092000,462439000,154325286,434767000,434767000,911979000,11269777000,-77971000,None,8607553000,624357000,619925000,5813957000,10271611000,-712343000,526578000,None,2722000,10271611000
136,BXP,2016-12-31,2550820000,1722649000,105229000,None,None,412849000,672765000,397316000,512785000,153790175,356914000,356914000,1034548000,10919719000,-129666000,None,8009981000,578350000,775198000,5786295000,9616133000,-695377000,671626000,None,2722000,307093000
137,BXP,2015-12-31,2490821000,1265533000,96319000,None,None,432196000,792415000,295883000,583106000,153579966,723718000,723718000,799411000,10464559000,-185118000,None,7520055000,374664000,235224000,5709435000,9008543000,-780952000,1226199000,None,2722000,9201209000
138,BXP,2014-12-31,2396998000,1592036000,98937000,None,None,455743000,1289267000,382919000,443611000,153113945,1763079000,1763079000,695553000,11878506000,-164432000,None,7302184000,405942000,193394000,5697298000,9906984000,-762464000,840264000,None,2722000,10086984000
139,BXP,2013-12-31,2135539000,1058840000,115329000,None,None,446880000,867235000,475791000,749811000,152983101,2365137000,2422338000,777926000,12981725000,-184477000,None,7616276000,522900000,126084000,5741153000,11341508000,-108552000,451118000,None,2722000,None
140,BXP,2012-12-31,1847186000,864536000,82382000,None,None,410970000,382051000,467214000,289650000,151601209,1041978000,1097159000,642949000,9619033000,-90610000,None,5100891000,788052000,659916000,5097065000,8912369000,-109971000,372899000,None,2722000,None
141,BXP,2011-12-31,1722792000,868875000,81442000,None,None,391533000,316145000,432012000,272679000,148107611,1823208000,1863540000,606328000,9313798000,None,None,13122650000,112180000,669722000,4865998000,3099473000,-53080000,332597000,None,2722000,None
142,BXP,2010-12-31,1543310000,944876000,79658000,None,None,378079000,329417000,490830000,159072000,140199105,478948000,786979000,375893000,8328418000,None,None,12007379000,850519000,767252000,4372643000,9506001000,-24763000,328051000,None,2722000,0
143,BXP,2009-12-31,1518190000,922893000,75447000,None,None,322833000,376683000,380400000,231014000,138880010,478948000,1470800000,617376000,7223992000,None,None,563645000,442844000,763636000,4446002000,6719771000,95433000,357328000,None,2722000,0
144,AAL,2023-12-31,50346000000,34971000000,1901000000,None,None,2145000000,22062000000,299000000,822000000,654273192,578000000,7578000000,3803000000,68260000000,2400000000,2026000000,30275000000,2596000000,None,-5202000000,28895000000,-7689000000,None,None,None,3501000000
145,AAL,2022-12-31,46971000000,34907000000,1893000000,None,None,1962000000,21496000000,59000000,127000000,650642461,440000000,8965000000,2173000000,70515000000,2279000000,2138000000,29615000000,2546000000,None,-5799000000,31844000000,-8511000000,3549000000,21000000,None,3059000000
146,AAL,2021-12-31,28078000000,25895000000,1196000000,None,None,1800000000,19006000000,-555000000,-1993000000,647727595,273000000,12400000000,704000000,73807000000,1795000000,1505000000,28989000000,208000000,None,-7340000000,35008000000,-8638000000,12190000000,18000000,None,2315000000
147,AAL,2020-12-31,16086000000,20562000000,604000000,None,None,1227000000,16569000000,-2568000000,-8885000000,621479522,245000000,6900000000,-6543000000,68875000000,1614000000,1342000000,31217000000,1958000000,None,-6867000000,29324000000,-6664000000,43000000,173000000,None,2697000000
148,AAL,2019-12-31,44641000000,27870000000,1697000000,None,None,1095000000,18311000000,570000000,1686000000,428202506,280000000,3826000000,3815000000,60113000000,1851000000,1750000000,34995000000,4268000000,None,-118000000,20896000000,2264000000,178000000,1097000000,None,2749000000
149,AAL,2018-12-31,43430000000,27631000000,1608000000,None,None,1056000000,18096000000,472000000,1412000000,460610870,275000000,4760000000,3533000000,60749000000,1522000000,1706000000,34098000000,3745000000,None,-169000000,20566000000,758000000,186000000,837000000,None,3213000000
150,AAL,2017-12-31,41150000000,27431000000,16093000000,None,None,1053000000,15358000000,2113000000,1282000000,475507887,295000000,5066000000,4744000000,53565000000,1359000000,1752000000,34156000000,5971000000,None,-780000000,21818000000,3361000000,198000000,1615000000,None,2476000000
151,AAL,2016-12-31,39190000000,25275000000,15013000000,None,None,991000000,13872000000,1568000000,2584000000,507294153,322000000,6359000000,6524000000,51558000000,1094000000,1594000000,31159000000,5731000000,None,-284000000,22489000000,1640000000,224000000,4500000000,None,1855000000
152,AAL,2015-12-31,39359000000,25289000000,13718000000,None,None,880000000,13605000000,-2994000000,7610000000,624622381,507000000,6371000000,6249000000,42780000000,863000000,1425000000,27510000000,6151000000,None,5635000000,20561000000,-1230000000,278000000,3846000000,None,2231000000
153,AAL,2014-12-31,42186000000,28526000000,12852000000,None,None,887000000,13404000000,330000000,2882000000,697474535,994000000,7303000000,3080000000,41204000000,1004000000,1771000000,23084000000,5311000000,None,2021000000,17720000000,-8562000000,144000000,1062000000,None,1677000000
154,AAL,2013-12-31,29292000000,17567000000,8484000000,None,None,856000000,13806000000,-346000000,-1834000000,261069000,1140000000,9251000000,675000000,45009000000,1012000000,1560000000,19259000000,3114000000,None,-2731000000,16799000000,-11296000000,1078000000,None,0,1446000000
155,AAL,2012-12-31,49048000000,21086000000,9500000000,None,915000000,632000000,9011000000,-569000000,-1876000000,125232000,480000000,3892000000,1285000000,31497000000,580000000,1124000000,13402000000,1888000000,None,-7987000000,8123000000,-9462000000,970000000,None,367000000,1388000000
156,AAL,2011-12-31,47132000000,21385000000,9901000000,None,954000000,811000000,8630000000,0,-1979000000,338000000,283000000,4001000000,743000000,30959000000,617000000,902000000,13913000000,1610000000,None,-7111000000,8220000000,-7586000000,2221999340.60,None,367000000,1518000000
157,AAL,2010-12-31,24430000000,15316000000,7823000000,None,967000000,823000000,8780000000,-35000000,-471000000,333000000,168000000,4496000000,1241000000,29033000000,594000000,738000000,14838000000,1962000000,None,-3945000000,10532000000,-5607000000,302000044.50,None,367000000,1776000000
158,PARA,2023-12-31,28736000000,28069000000,7245000000,None,383000000,920000000,9656000000,-361000000,-608000000,655000000,2460000000,2460000000,475000000,31017000000,1414000000,7115000000,1666000000,328000000,96000000,22526000000,29282000000,13829000000,389000000,None,22958000000,1000000
159,PARA,2022-12-31,29122000000,27744000000,7033000000,None,337000000,931000000,11191000000,227000000,1104000000,649000000,2885000000,2885000000,219000000,35357000000,1342000000,7412000000,1762000000,358000000,375000000,23036000000,31650000000,14737000000,631000000,0,22958000000,239000000
160,PARA,2021-12-31,27728000000,24719000000,6398000000,None,344000000,986000000,9479000000,646000000,4543000000,650000000,6267000000,6267000000,953000000,36218000000,1504000000,6984000000,1736000000,354000000,568000000,22402000000,17660000000,14343000000,617000000,0,22958000000,11000000
161,PARA,2020-12-31,24250000000,21458000000,5320000000,None,345000000,1031000000,8296000000,535000000,2422000000,617000000,2984000000,2984000000,2294000000,37292000000,1757000000,7017000000,1975000000,324000000,536000000,15371000000,19610000000,10375000000,600000000,58000000,22958000000,16000000
162,PARA,2019-12-31,27013000000,24153000000,5481000000,None,362000000,962000000,9048000000,-29000000,3308000000,615000000,632000000,632000000,1230000000,36378000000,2813000000,7206000000,2010000000,353000000,494000000,13207000000,17980000000,8494000000,595000000,57000000,22908000000,717000000
163,PARA,2018-12-31,14044000000,11681000000,5048000000,None,377000000,1030000000,8321000000,580000000,3455000000,374000000,856000000,322000000,3464000000,34048000000,2785000000,4041000000,1209000000,165000000,329000000,10449000000,18370000000,5569000000,599000000,586000000,43420000000,339000000
164,PARA,2017-12-31,13692000000,11288000000,5156000000,None,395000000,1088000000,3972000000,804000000,2321000000,391000000,285000000,285000000,2439000000,18865000000,1828000000,3697000000,1246000000,185000000,307000000,1978000000,18905000000,-18900000000,616000000,1111000000,22258000000,19000000
165,PARA,2016-12-31,13166000000,10353000000,2054000000,None,205000000,411000000,3708000000,628000000,1261000000,424000000,598000000,598000000,1685000000,20549000000,1427000000,3314000000,1241000000,196000000,261000000,3689000000,17738000000,-19257000000,288000000,2997000000,20201000000,23000000
166,PARA,2015-12-31,12671000000,11608000000,1961000000,None,212000000,392000000,3560000000,676000000,1413000000,469000000,317000000,323000000,1394000000,18202000000,1270000000,3628000000,1253000000,193000000,258000000,5563000000,16765000000,-20518000000,300000000,2813000000,17205000000,222000000
167,PARA,2014-12-31,12519000000,10910000000,1971000000,None,218000000,363000000,4033000000,659000000,2959000000,515000000,428000000,428000000,1275000000,16965000000,922000000,3459000000,1433000000,206000000,222000000,6970000000,12849000000,-21931000000,292000000,3595000000,14406000000,20000000
168,PARA,2013-12-31,14005000000,12025000000,2546000000,None,251000000,375000000,4207000000,878000000,1879000000,599000000,368000000,397000000,1873000000,16421000000,772000000,3415000000,1461000000,270000000,228000000,9966000000,5860000000,-24890000000,300000000,2185000000,8074000000,20000000
169,PARA,2012-12-31,12820000000,11106000000,2442000000,None,261000000,401000000,3941000000,812000000,1574000000,634000000,708000000,708000000,1815000000,16253000000,859000000,3137000000,2271000000,254000000,118000000,10213000000,11700000000,-26769000000,276000000,1137000000,5874000000,18000000
170,PARA,2011-12-31,13637000000,11716000000,2598000000,None,426000000,435000000,3937000000,751000000,1305000000,653000000,660000000,660000000,1749000000,16477000000,735000000,3254000000,2372000000,265000000,107000000,9908000000,6003000000,-28343000000,206000000,1012000000,4706000000,24000000
171,PARA,2010-12-31,13466000000,12243500000,2466000000,None,432400000,527000000,4026000000,478000000,724200000,679900000,480000000,480000000,1735000000,15770100000,751000000,3248100000,2694000000,284300000,101000000,9820600000,6021000000,-29647500000,142000000,0,3689000000,27000000
172,PARA,2009-12-31,13015000000,12003200000,2488000000,None,448700000,542000000,4746500000,183000000,226500000,674800000,717000000,716700000,939000000,17436900000,1085000000,2900200000,2858700000,261600000,73400000,9018600000,7017400000,-30371700000,297000000,0,3693400000,443600000
173,QRVO,2022-03-31,4645714000,2359546000,349718000,623636000,210949000,63326000,675127000,147731000,1033353000,106303000,972592000,972592000,1049243000,2955854000,755748000,601001000,1253591000,213466000,31086000,4553218000,2047098000,512137000,None,1152287000,None,791000
174,QRVO,2021-03-31,4015307000,2131741000,367238000,570395000,203206000,75198000,681581000,73769000,733611000,112557000,1397880000,1397880000,1301853000,2592045000,507787000,457431000,1266031000,186960000,35370000,4629425000,1742550000,355036000,1206750000,515084000,None,5092000
175,QRVO,2020-03-31,3239141000,1917378000,343569000,484414000,221632000,60392000,539003000,60764000,334325000,114625000,714939000,714939000,945646000,2268017000,517198000,372572000,1259203000,164104000,22515000,4292665000,1567231000,0,659000000,515131000,None,6893000
176,QRVO,2019-03-31,3090325000,1895142000,476074000,450482000,208646000,43963000,435614000,-41333000,133125000,119063000,711035000,711035000,810364000,1448345000,511793000,384372000,1366513000,220937000,97786000,4359679000,920935000,-321152000,None,638074000,None,80000
177,QRVO,2018-03-31,2973536000,1826570000,527751000,445103000,174425000,59548000,441279000,57433000,-40288000,126322000,926037000,926037000,852520000,1605955000,472292000,345957000,1374112000,269835000,63765000,4775564000,983290000,-458769000,None,219907000,None,983290000
178,QRVO,2017-03-31,3032574000,1897062000,545588000,470836000,209825000,58879000,418828000,43863000,-16558000,126464000,545463000,545463000,776820000,1625601000,430454000,357948000,1391932000,552702000,35494000,4896722000,989154000,-456366000,None,209357000,None,989154000
179,QRVO,2016-03-31,2585705000,2616372000,534099000,448763000,180362000,23316000,373801000,25983000,-28845000,127386000,425881000,612689000,687927000,1597147000,427551000,316356000,1046888000,315624000,26050000,4999672000,988130000,-439808000,1175000000,1300009000,None,988130000
180,QRVO,2015-03-31,1709787000,1425193000,249886000,257494000,74239000,1421000,325310000,-75062000,196303000,149059000,299814000,544644000,305624000,719219000,346900000,353830000,883371000,170962000,4083000,6173160000,0,-410963000,None,50874000,None,None
181,ALLE,2023-12-31,3553800000,3005600000,865600000,101900000,47300000,93100000,1079700000,76600000,540400000,87504673,468100000,468100000,600600000,2993200000,438500000,421700000,358100000,84200000,12700000,1318300000,2015000000,1578900000,158700000,59900000,None,412600000
182,ALLE,2022-12-31,3186000000,2728400000,736000000,74500000,45700000,75900000,703600000,56200000,458000000,87852777,288000000,288000000,459500000,3046700000,479000000,395600000,308700000,64000000,11800000,941800000,2094500000,1212800000,143900000,61000000,None,12600000
183,ALLE,2021-12-31,2820400000,2365000000,674700000,73300000,45200000,50200000,601200000,40700000,483000000,88215625,397900000,397900000,488600000,2288600000,380400000,283300000,283700000,45400000,11000000,759100000,1442100000,952600000,129000000,412800000,None,12600000
184,ALLE,2020-12-31,2668100000,2352800000,635700000,54400000,46500000,51100000,521500000,50900000,314300000,91212741,480400000,480400000,490300000,2236800000,283100000,321800000,294900000,47100000,17400000,829400000,2878800000,985600000,117300000,208800000,None,200000
185,ALLE,2019-12-31,2763400000,2327700000,681300000,54700000,47100000,56000000,507000000,73100000,401800000,92723682,355300000,355300000,488200000,2206800000,269900000,329800000,291400000,65600000,18200000,757400000,1499800000,975100000,100600000,226000000,None,25800000
186,ALLE,2018-12-31,2678400000,2244600000,647500000,54400000,46200000,54000000,520800000,39800000,434900000,94700000,283800000,283800000,457800000,2156200000,280300000,324900000,276700000,49100000,16000000,651000000,2915000000,873600000,79400000,67300000,None,35300000
187,ALLE,2017-12-31,2408200000,1945300000,580400000,48300000,40000000,105700000,460800000,119000000,273300000,94800000,466200000,466200000,347200000,2136500000,239800000,296600000,252200000,49300000,5300000,401600000,1492300000,544400000,60900000,60000000,None,35000000
188,ALLE,2016-12-31,2238000000,1874200000,555400000,47300000,40900000,64300000,429600000,63800000,229100000,95500000,312400000,312400000,377500000,2131000000,220600000,260000000,226600000,42500000,4600000,113300000,1479800000,376600000,46000000,85100000,None,48200000
189,ALLE,2015-12-31,2068100000,1743700000,510500000,45200000,36400000,52900000,447100000,54600000,153900000,96200000,199700000,199700000,257000000,2233300000,204100000,303400000,224800000,35200000,14200000,25600000,1526700000,232400000,38300000,30000000,None,65600000
190,ALLE,2014-12-31,2067500000,1804400000,527400000,43300000,34500000,53800000,532500000,84200000,175200000,95800000,290500000,290500000,255900000,1997400000,169300000,230400000,207200000,51500000,17900000,-4800000,1215000000,142400000,30000000,50300000,None,50500000
191,MKTX,2023-12-31,745697000,311574000,34091000,None,None,1983000,582303000,74645000,258055000,37899688,451280000,451280000,333767000,722104000,None,None,102671000,52448000,63893000,1292963000,None,1244216000,109658000,0,260298000,None
192,MKTX,2022-12-31,726383000,272727000,29177000,6700000,None,700000,444006000,88064000,250224000,37648148,430746000,430746000,289231000,526682000,-88923000,None,100256000,51872000,83792000,1081093000,None,1101525000,105942000,87540000,328326000,None
193,MKTX,2021-12-31,698209000,247923000,23560000,None,None,842000,400718000,76035000,257888000,37918956,506735000,506735000,282091000,489143000,-24883000,None,96061000,50616000,36078000,1041309000,None,956966000,99792000,63189000,232712000,None
194,MKTX,2020-12-31,689683000,213518000,20637000,None,None,1142000,282756000,74982000,299377000,38005330,460858000,460858000,404489000,376368000,-19221999,None,85204000,45628000,28111000,955061000,None,799369000,90566000,16135000,169523000,None
195,MKTX,2019-12-31,511352000,185191000,27255000,None,None,14605000,86848000,52522000,204902000,37935984,270124000,362766000,265935000,184839000,-86424999,None,71795000,34700000,230477000,770091000,1000000,591086000,76231000,17256000,153388000,None
196,MKTX,2018-12-31,435565000,155664000,23467000,None,None,None,48608000,45234000,172852000,37639917,246322000,339461000,223917000,87661000,-22468000,None,63010000,47593000,240105000,607878000,1700000,463252000,62432000,25171000,184962000,None
197,MKTX,2017-12-31,406274000,41615000,22341000,None,None,None,29962000,53679000,148089000,37620736,167014000,261483000,168035000,66464000,-18717000,None,38548000,25557000,239521000,514768000,900000,353583000,48888000,42461000,159791000,None
198,MKTX,2016-12-31,369919000,42401000,24563000,None,None,None,25246000,65430000,126172000,37543775,168243000,243777000,89747000,60029000,-11618000,None,31104000,18503000,194404000,468013000,900000,255140000,38495000,23925000,117330000,None
199,MKTX,2015-12-31,303098000,37698000,19156000,None,None,None,19032000,51863000,96037000,37409274,199728000,199728000,120196000,48328000,-9880000,None,30897000,15384000,47012000,390713000,1100000,168011000,29534000,23158000,93405000,None
200,MKTX,2014-12-31,262774000,16723000,15423000,None,None,None,20366000,43730000,74806000,37318722,168924000,168924000,109952000,45676000,-6685000,None,32185000,14787000,28801000,334208000,None,101813000,23941000,37974000,70247000,None
201,MKTX,2013-12-31,238733000,51010000,13494000,None,None,None,0,38717000,76016000,37728857,132691000,132691000,90879000,43548000,-10640000,None,17000,23282000,None,310362000,None,51042000,19837000,None,32273000,None
202,MKTX,2012-12-31,190840000,38391000,14065000,None,None,None,0,27586000,60069000,38902000,128908000,128908000,81582000,37124000,-8096000,None,18009000,10360000,None,118000,349000,-5644000,64041000,75133000,32273000,None
203,MKTX,2011-12-31,171874000,32668000,12828000,None,None,None,0,32003000,47704000,37725000,169620000,169620000,65478000,37019000,None,None,14460000,7225000,None,113000,648000,-584000,13683000,6935000,25933000,None
204,BWA,2023-12-31,14198000000,11630000000,1316000000,717000000,515000000,90000000,3767000000,289000000,625000000,229783795,1534000000,1534000000,3516000000,8387000000,1313000000,3109000000,3758000000,832000000,308000000,5828000000,3765000000,6152000000,130000000,177000000,2188000000,3000000
205,BWA,2022-12-31,12635000000,12700000000,1290000000,701000000,483000000,96000000,4236000000,195000000,944000000,234122211,1333000000,1338000000,1569000000,9486000000,1217000000,2471000000,3416000000,622000000,354000000,7224000000,4164000000,7454000000,161000000,240000000,2032000000,2000000
206,BWA,2021-12-31,14838000000,11983000000,1460000000,707000000,684000000,117000000,3798000000,150000000,537000000,239776892,1841000000,1841000000,1306000000,9313000000,1534000000,2898000000,4384000000,666000000,428000000,6948000000,4227000000,6671000000,162000000,0,1812000000,4000000
207,BWA,2020-12-31,10165000000,8255000000,951000000,476000000,479000000,8000000,3810000000,397000000,500000000,238930703,1650000000,1650000000,1184000000,9305000000,1286000000,2919000000,4579000000,441000000,820000000,6428000000,3609000000,6296000000,146000000,216000000,1834000000,4000000
208,BWA,2019-12-31,10168000000,8067000000,873000000,413000000,400000000,16000000,2329000000,468000000,746000000,206407543,832000000,832000000,1008000000,4996000000,807000000,1921000000,2925000000,481000000,318000000,4706000000,1926000000,5942000000,140000000,100000000,1657000000,252000000
209,BWA,2018-12-31,10530000000,8300000000,946000000,440000000,None,22300000,2399000000,211000000,931000000,208214934,739000000,739400000,1126000000,5869000000,781000000,1988000000,2904000000,546000000,592000000,4226000000,2081000000,5336000000,142000000,150000000,1585000000,140000000
210,BWA,2017-12-31,9799000000,7684000000,899000000,408000000,None,19700000,2425200000,580000000,440000000,210812793,545300000,545300000,1180000000,6070800000,766300000,2018900000,2863800000,560000000,547400000,3716800000,2119500000,4531000000,124000000,100000000,1445400000,15800000
211,BWA,2016-12-31,9071000000,7142300000,818000000,343200000,None,14100000,2091800000,306000000,595000000,212262965,443700000,443700000,1035700000,5616400000,641200000,1689300000,2501800000,500600000,502200000,3218300000,2063000000,4215200000,113400000,288000000,1381600000,19400000
212,BWA,2015-12-31,8023200000,6320100000,662000000,307400000,None,16500000,2357200000,280400000,609700000,219324821,577700000,577700000,867900000,5272000000,723600000,1665000000,2448100000,577300000,460900000,3553700000,2269600000,4210100000,116700000,349800000,1158400000,160700000
213,BWA,2014-12-31,8305100000,6548700000,698900000,336200000,None,13500000,2168200000,292600000,655800000,226430083,797800000,797800000,801800000,3611800000,505700000,1443500000,2093900000,563000000,403300000,3616200000,738800000,3717100000,116100000,139900000,832200000,22500000
214,BWA,2013-12-31,7436600000,5879100000,639700000,303200000,None,11900000,1623900000,218300000,624300000,227932856,939500000,939500000,718800000,3356400000,458100000,1248500000,1939400000,417800000,405100000,3560600000,1027800000,3177400000,56800000,225500000,727200000,6800000
215,BWA,2012-12-31,7183200000,5716300000,629300000,265900000,None,17800000,1603100000,238600000,500900000,115572699,715700000,715700000,878700000,3318200000,447600000,1147300000,1788000000,407400000,382700000,3082600000,828100000,2611200000,21900000,295900000,569200000,4300000
216,BWA,2011-12-31,7114700000,5704300000,621000000,243700000,None,15000000,1905400000,195300000,550100000,108514462,359600000,359600000,708200000,3570700000,454300000,1183000000,1664300000,393700000,345300000,2387900000,1132800000,2110300000,0,357600000,707100000,381500000
217,BWA,2010-12-31,5654600000,4881600000,566600000,185000000,None,68800000,1392300000,81700000,377400000,112316444,449900000,449900000,538900000,3296400000,430600000,1023900000,1542600000,276600000,307900000,2258600000,1058000000,1560200000,0,325700000,349500000,6100000
218,BWA,2009-12-31,3961800000,3673900000,459800000,155200000,None,57200000,1046200000,-18500000,27000000,116837555,357400000,357400000,351000000,2626100000,314300000,732000000,1490300000,172000000,257400000,2185300000,778300000,1193400000,13800000,0,57900000,5100000
219,DVA,2023-12-31,12140147000,2245510000,1473984000,None,None,394853000,2642214000,220116000,691535000,88824000,380063000,436174000,2059031000,14150228000,143105000,2415912000,3073533000,567985000,608737000,1056097000,16891960000,598288000,0,272219000,None,123299000
220,DVA,2022-12-31,11609894000,2087799000,1355197000,None,None,364700000,2619747000,198087000,560400000,90411000,244086000,428794000,1564570000,14703452000,109122000,2550649000,3256397000,603429000,290444000,712326000,17937038000,174487000,0,802228000,None,231404000
221,DVA,2021-12-31,11618797000,1875950000,1195335000,None,None,296312000,2398533000,306732000,978450000,97289000,461900000,541035000,1930876000,14750508000,107428000,2410508000,3479972000,641465000,303394000,755508000,17929730000,354337000,0,1538626000,0,179030000
222,DVA,2020-12-31,11550604000,1878019000,1247584000,None,None,315297000,2476143000,313932000,773642000,109933000,324958000,397353000,1979028000,14091736000,111625000,2438821000,3521824000,674541000,289684000,1383566000,16327042000,852537000,0,1458442000,0,168541000
223,DVA,2019-12-31,11388479000,1843356000,1103312000,None,None,461893000,2372098000,279628000,810981000,125842853,1102372000,1162035000,2072355000,13811776000,97949000,2305065000,3473384000,766546000,36519000,2133409000,16362148000,1431738000,0,2383816000,0,130708000
224,DVA,2018-12-31,11404851000,1788470000,1135454000,None,None,487875000,4891161000,258400000,159394000,166387307,323038000,364332000,1771640000,14077213000,107381000,2397018000,3393669000,987138000,35424000,3703442000,20308432000,2743194000,0,1161511000,0,1929369000
225,DVA,2017-12-31,10876634000,2605526000,1064026000,None,None,425517000,3067520000,323859000,663618000,182462278,508234000,551750000,1913166000,13077110000,181799000,2137109000,3149213000,905250000,37695000,4690029000,23300364000,3633713000,211467000,802949000,0,178213000
226,DVA,2016-12-31,10707467000,2609358000,1592698000,None,None,407269000,2710964000,431761000,879874000,194554491,674776000,1223385000,1972126000,12932777000,160419000,2381381000,2864121000,829095000,29997000,4648047000,22884458000,3710313000,192401000,1097822000,0,160262000
227,DVA,2015-12-31,1769737000,1836487000,1452135000,None,None,12387000,2399138000,207510000,269732000,209754247,1244917000,496329000,1557200000,12566637000,185575000,2220183000,2788740000,584513000,89122000,4870780000,23877660000,4356835000,174635000,549935000,544772000,129037000
228,DVA,2014-12-31,12401468000,1852441000,1261506000,None,None,11058000,414432000,446343000,723114000,215640968,736897000,1074296000,1459407000,11427156000,136084000,710556000,800221000,641330000,89389000,-10429530000,8503434000,4087103000,149339000,None,-5360311000,120154000
229,DVA,2013-12-31,11359040000,1705222000,1176485000,None,None,405010000,2268970000,381013000,633446000,213163248,946249000,953050000,190375000,11796036000,88805000,1485163000,5541000000,31670000,79557000,4432479000,8415928000,3363989000,139326000,None,-4605541000,274697000
230,DVA,2012-12-31,7906168000,1236544000,894575000,None,None,283849000,2016425000,320267000,487077000,105498575,533748000,540886000,1100848000,11517016000,78126000,1421303000,1872370000,18502000,59341000,3763137000,8554325000,3731835000,140265000,None,1162336000,233042000
231,DVA,2011-12-31,6754243000,981871000,691243000,None,None,230953000,1164752000,325292000,478001000,93641363,393752000,411151000,1180046000,6157467000,75731000,1195163000,1432651000,444156000,9890000,2141075000,4504969000,3195818000,114342000,323348000,1631694000,87345000
232,DVA,2010-12-31,6275126000,813378000,579000000,None,None,172265000,924345000,258874000,405683000,96001535,860117000,883120000,839683000,5694238000,76008000,1048976000,1170808000,278602000,8848000,1978422000,4308742000,2717817000,83591000,618496000,1360579000,74892000
233,DVA,2009-12-31,6108800000,760517000,531531000,None,None,176100000,1046941000,278213000,422684000,103062698,539459000,565934000,666710000,5032352000,70041000,1105903000,1104925000,274934000,7616000,2135066000,3632224000,2312134000,67748000,153495000,793340000,100007000
234,FFIV,2023-09-30,2827869000,1832871000,1141620000,540285000,None,None,1472781000,91040000,394948000,59207000,797163000,803323000,653409000,2888238000,35874000,454832000,170422000,54184000,5068000,2800232000,None,2799054000,59959000,350049000,None,0
235,FFIV,2022-09-30,2717445000,1791260000,1201149000,543368000,None,18399000,1839951000,63233000,322160000,59860000,758012000,884566000,442631000,3251408000,68365000,469979000,168182000,33624000,9544000,2468978000,None,2404106000,None,500023000,None,349772000
236,FFIV,2021-09-30,2616416000,1786162000,1203618000,512627000,None,7088000,1391527000,55696000,331241000,60652000,580977000,910607000,645196000,3124579000,22055000,340536000,191164000,30651000,132778000,2360213000,349772000,2187828000,65751999,500000000,None,19275000
237,FFIV,2020-09-30,2361022000,1561504000,1101544000,441324000,None,11470000,1288279000,88956000,307441000,61099000,849556000,1209889000,660898000,2935151000,27898000,296183000,229239000,59940000,102939000,2232268000,369047000,1945531000,52835000,100016000,None,19275000
238,FFIV,2019-09-30,2242447000,1327726000,959349000,408058000,None,22648000,1105526000,113377000,427734000,60367000,599219000,972282000,747841000,1628778000,34401000,322029000,223426000,103542000,358402000,1761497000,None,1638090000,None,201045000,None,0
239,FFIV,2018-09-30,2161407000,1215524000,824517000,366084000,45900000,None,954433000,150071000,453689000,60215000,424707000,1039412000,761068000,2086763000,30568000,295352000,145042000,53465000,411184000,1285492000,None,1287243000,None,600081000,None,None
240,FFIV,2017-09-30,2090041000,1187629000,809126000,350365000,44600000,None,934543000,154756000,420761000,62594000,673228000,1016928000,740281000,1987644000,29834000,291924000,122420000,42681000,284802000,1229392000,None,1229762000,None,600090000,None,None
241,FFIV,2016-09-30,1995034000,1118279000,767174000,334227000,36400000,None,844238000,184036000,365855000,65315000,514571000,882395000,711535000,1789330000,34051000,268175000,123248000,68238000,276375000,1185262000,None,1185265000,None,700124000,None,None
242,FFIV,2015-09-30,1919823000,1083541000,738080000,296583000,30100000,None,755123000,196330000,365014000,70138000,390460000,774342000,684541000,1537128000,33717000,279434000,95909000,67086000,397656000,1316728000,None,1321857000,None,606858000,None,None
243,FFIV,2014-09-30,1732046000,984197000,664738000,263792000,24700000,None,636981000,186159000,311183000,73390000,281502000,645379000,548992000,815640000,24471000,242242000,66791000,22718000,482917000,1369310000,None,1363141000,None,650542000,None,None
244,FFIV,2013-09-30,1481314000,842789000,585442000,209614000,22300000,None,551350000,160778000,277314000,78090000,189693000,542143000,499693000,1079886000,19026000,204205000,63522000,26583000,728981000,1538712000,None,1283621000,None,200000000,None,None
245,FFIV,2012-09-30,1377247000,779938000,537370000,177406000,19000000,None,466029000,157028000,275186000,78715000,211181000,532151000,495437000,842507000,17410000,185172000,59604000,30117000,662803000,1329400000,None,1006307000,None,184776000,None,None
246,FFIV,2011-09-30,1151834000,666562000,454258000,138910000,16600000,None,372307000,119354000,241397000,79145000,216784000,542550000,416938000,739668000,17149000,165676000,47998000,36160000,470203000,1105436000,None,731121000,None,271526000,None,None
247,FFIV,2010-09-30,881972000,533656000,361704000,118314000,17800000,None,287085000,86474000,151153000,80355000,168754000,428496000,313612000,358494000,18815000,112132000,34157000,12625000,433570000,1003698000,None,489724000,None,75000000,None,None
248,SEDG,2023-12-31,2976528000,2272705000,310822000,321482000,49544000,1269000,893231000,46420000,34329000,57123437,338468000,860038000,-180113000,2175822000,1443449000,55418000,614579000,181123000,407825000,2411909000,1259881000,778166000,None,None,None,None
249,SEDG,2022-12-31,3110279000,2265631000,272176000,289814000,40580000,1530000,889717000,83376000,93779000,56133404,783112000,1024229000,31284000,2089583000,729201000,0,543969000,169341000,645491000,2176366000,1256951000,743837000,None,None,None,None
250,SEDG,2021-12-31,1963865000,1334547000,201196000,219633000,29359000,6376000,525181000,18054000,169170000,52815395,530089000,697817000,214129000,1590914000,380143000,527380000,410379000,149251000,482228000,1310039000,1875718000,650058000,None,None,None,148000
251,SEDG,2020-12-31,1459271000,997912000,159104000,163123000,22355000,5330000,436099000,23344000,140322000,51560936,827146000,970833000,222655000,1351352000,331696000,275323000,303408000,126790000,147434000,1085757000,1748611000,478004000,None,None,None,16894000
252,SEDG,2019-12-31,1425660000,946322000,137345000,121351000,17261000,4805000,436714000,33646000,146549000,48898062,223901000,315746000,259000000,682954000,170798000,382300000,176963000,72562000,119176000,811670000,31493000,337682000,None,None,None,15673000
253,SEDG,2018-12-31,937237000,618001000,97571000,82245000,11426000,2536000,225718000,9077000,128833000,46052802,187764000,310313000,189079000,402064000,141519000,201863000,119329000,38608000,74256000,562408000,31178000,191133000,None,None,None,16639000
254,SEDG,2017-12-31,607045000,392279000,68714000,54966000,7011000,2061000,129754000,16072000,84172000,43812601,163163000,240427000,136665000,243838000,82992000,143247000,51182000,21382000,103120000,397467000,None,66172000,None,None,None,None
255,SEDG,2016-06-30,489843000,337887000,46966000,33231000,3763000,532000,87271000,-4379000,76609000,40889922,74032000,133195000,52530000,141330000,81550000,88112000,28547000,16490000,52446000,256108000,None,None,None,None,None,None
256,SEDG,2015-06-30,325078000,243295000,31508000,22018000,2253000,895000,105592000,1955000,21121000,39297539,144750000,144750000,12054000,138714000,73950000,60491000,14717000,11765000,None,166944000,None,None,None,None,None,None
257,ETSY,2023-12-31,2748377000,828675000,1102438000,469332000,51600000,14042000,710781000,-14748000,307568000,119068884,914323000,1150441000,705513000,3229115000,None,24734000,154413000,39908000,86676000,-543715000,2283817000,-1357390000,14228000,576968000,None,None
258,ETSY,2022-12-31,2566111000,744592000,1022659000,412398000,55500000,14168000,631755000,32310000,-694288000,125054278,921278000,1171691000,683612000,3182235000,1,27888000,147575000,30743000,29137000,-547274000,2279640000,-1048267000,None,425727000,None,None
259,ETSY,2021-12-31,2329114000,654512000,937335000,271535000,45800000,9885000,615588000,-21853000,493507000,127022118,780196000,984612000,651551000,3203190000,1,27266000,165931000,28170000,85034000,628619000,2275418000,71744000,22706000,302774000,None,None
260,ETSY,2020-12-31,1725625000,464745000,656791000,180080000,43000000,42025000,454664000,16463000,349246000,125835931,1244099000,1669218000,678956000,1662065000,1,22605000,62234000,7990000,39094000,742424000,1062299000,-146819000,25319000,268653000,None,None
261,ETSY,2019-12-31,818379000,271036000,336704000,121878000,38400000,24320000,188528000,-15248000,95894000,118342772,443293000,817252000,206920000,1135718000,None,15386000,205252000,17241000,89343000,406634000,785126000,-227414000,9791000,176985000,None,4134000
262,ETSY,2018-12-31,603693000,190762000,240896000,97249000,22400000,22178000,112062000,-22413000,77491000,119771702,366985000,624287000,198925000,500953000,None,12244000,120179000,56050000,0,400898000,276486000,-153442000,None,134647000,None,None
263,ETSY,2017-12-31,441231000,150986000,278971000,74616000,23800000,11130000,102477000,-49535000,81800000,121769238,315442000,340550000,69101000,208689000,None,33677000,117617000,13156000,None,396894000,0,-96290000,None,10301000,None,5798000
264,ETSY,2016-12-31,364967000,123328000,168979000,55083000,19200000,7204000,84008000,27025000,-29901000,115973039,181592000,282086000,47964000,236436000,None,26426000,126407000,47750000,None,344757000,62898000,-116341000,None,0,None,6829000
265,ETSY,2015-12-31,273499000,96979000,135710000,42694000,16300000,1526000,80122000,26069000,-54063000,112563354,271244000,292864000,33155000,222563000,None,20275000,105021000,20835000,0,330498000,59750000,-86440000,None,0,None,5610000
266,JNPR,2023-12-31,5484500000,4046700000,1489400000,1144400000,123500000,80000000,2104000000,29200000,310200000,320300000,1068100000,1207500000,872800000,5025800000,952400000,1044100000,689900000,159400000,116800000,4492700000,1616800000,-2296400000,280800000,397600000,None,None
267,JNPR,2022-12-31,5288400000,3820800000,1382900000,1036100000,137700000,58600000,2078900000,60500000,471000000,322900000,880100000,1090400000,97600000,4851600000,619400000,1227300000,666800000,105100000,139600000,4475100000,1601300000,-2375500000,270400000,315200000,None,None
268,JNPR,2021-12-31,4624000000,3429100000,1302500000,1007200000,151000000,50800000,1876500000,57400000,252700000,321600000,922500000,1238000000,689700000,4570100000,272600000,994400000,703000000,100000000,455500000,4316900000,1686800000,-2653600000,259100000,443500000,None,None
269,JNPR,2020-12-31,4313100000,3198800000,1194200000,958400000,166200000,77000000,2161100000,7400000,257800000,327700000,1361900000,1774000000,612000000,4834800000,210200000,964100000,762300000,100400000,656600000,4543500000,2127300000,-2669000000,264100000,381100000,None,421500000
270,JNPR,2019-12-31,4341400000,3098800000,1183600000,955700000,184000000,88700000,1543900000,69400000,345000000,335900000,1215800000,1953800000,528900000,4227100000,94200000,879700000,830900000,109600000,589800000,4610600000,1683900000,-2741400000,260100000,554900000,None,0
271,JNPR,2018-12-31,4544300000,3093900000,1158500000,1003200000,193200000,103200000,1842500000,-34200000,566900000,354400000,2489000000,2489000000,861100000,4694500000,80600000,None,908800000,147400000,199000000,4823200000,1789100000,-2831400000,249300000,756600000,None,349900000
272,JNPR,2017-12-31,5027200000,1955100000,1177700000,980700000,202800000,101200000,1738200000,505600000,306200000,384200000,2006500000,2006500000,1259300000,4836700000,93800000,None,1021100000,151200000,988400000,4680900000,2136300000,-3355800000,150400000,725800000,None,2215800000
273,JNPR,2016-12-31,4990100000,1885600000,1197800000,1013700000,184500000,97700000,1735900000,234700000,592700000,381100000,1833200000,2585500000,1126600000,4694000000,95500000,1054100000,1063800000,214700000,1071800000,4962500000,2133700000,-3281800000,152500000,324600000,None,2133700000
274,JNPR,2015-12-31,4857800000,1779200000,1172700000,994500000,141500000,83300000,1801900000,218500000,633700000,384000000,1420900000,1948000000,899500000,4033500000,75000000,780700000,1021000000,210300000,1244200000,4574400000,1648800000,-3741200000,156300000,1152800000,None,1937400000
275,JNPR,2014-12-31,4627100000,1768900000,1254700000,1006200000,141900000,66900000,1513400000,248000000,-334300000,416200000,1639600000,1971800000,763400000,3362300000,62500000,598900000,904300000,192900000,1133100000,4919100000,1349000000,-3861100000,86000000,2262500000,None,1349000000
276,JNPR,2013-12-31,4669100000,1727700000,1293200000,1043200000,148200000,58400000,1441400000,85700000,439800000,495200000,2284000000,2845900000,845900000,3023800000,52700000,578300000,882300000,230000000,1251900000,7302200000,999300000,-2631300000,None,577800000,None,None
277,JNPR,2012-12-31,4365400000,1656600000,1245600000,1101600000,154700000,52900000,1422000000,105000000,186500000,508400000,2407800000,2849300000,637700000,2832600000,57200000,438400000,811900000,347700000,988100000,6999000000,2998400000,-2911400000,None,650600000,None,None
278,JNPR,2011-12-31,4448700000,1580100000,1180192000,1026800000,142200000,49500000,1466700000,146700000,425100000,526409000,2910400000,3551700000,986700000,2894100000,69100000,577386000,598600000,266300000,740700000,7089200000,2998034000,-2972402000,None,548600000,None,None
279,JNPR,2010-12-31,4093300000,1351500000,1034931000,917900000,146800000,8700000,1471976000,158800000,618400000,525378000,1811900000,2286414000,812300000,1859651000,21600000,596622000,493881000,185300000,535178000,6608200000,0,-3108337000,3000000,565400000,None,None
280,JNPR,2009-12-31,3315912000,1132709000,893497000,741708000,132946000,6000000,1375785000,196833000,116999000,519341000,1604700000,2175222000,796097000,1768127000,-53677000,458652000,455651000,153101000,483505000,5822136000,None,-3128472000,None,453888000,None,None
281,PNW,2023-12-31,4695991000,2961982000,241013000,None,669000000,331323000,2889347000,76912000,501557000,113535000,4955000,4955000,1207697000,18483489000,493547000,491791000,15803127000,1846370000,1564027000,6177664000,875000000,3466317000,386486000,None,8185000,875000000
282,PNW,2022-12-31,4324385000,2702908000,236370000,None,632000000,255539000,1762141000,74827000,483602000,113298000,4832000,4832000,1241441000,16674758000,450636000,443517000,14522268000,1707490000,1420641000,6048647000,50685000,3360347000,378881000,None,5005000,50685000
283,PNW,2021-12-31,3803835000,2136065000,252639000,None,575000000,233262000,1756869000,110086000,618720000,113006000,9969000,9969000,860014000,16097022000,367167000,374083000,14184058000,1473475000,1294757000,5906200000,150000000,3264719000,369478000,None,6401000,150000000
284,PNW,2020-12-31,3586982000,1920632000,242835000,None,553000000,228971000,1360433000,78173000,550559000,112747000,59968000,59968000,966365000,14386918000,334297000,300586000,13727575000,1326584000,1138435000,5633503000,7612841000,3025106000,350577000,None,6289000,0
285,PNW,2019-12-31,3471209000,1935745000,236579000,None,522000000,216723000,2078365000,-15773000,538320000,112548000,10283000,10283000,956726000,13048599000,345920000,279982000,13198435000,1191447000,1010775000,5430648000,800000000,2837610000,329643000,None,9427000,800000000
286,PNW,2018-12-31,3691247000,1376965000,232849000,None,486000000,218285000,1648964000,133902000,511047000,112234000,5766000,5766000,1277144000,12441287000,294094000,263818000,12370614000,1178169000,851134000,5222915000,500000000,2641183000,308892000,None,4825000,500000000
287,PNW,2017-12-31,3565296000,1810766000,223347000,None,453000000,197684000,1197852000,258272000,488456000,111995000,13892000,13892000,1118036000,12012392000,289270000,302634000,11669526000,1408774000,871051000,5006690000,82000000,2442511000,289793000,None,5624000,82000000
288,PNW,2016-12-31,3498682000,1820838000,201499000,None,422000000,185750000,1292946000,236411000,442034000,111547000,8881000,8881000,1023390000,11200631000,282587000,251205000,11371788000,1275472000,779586000,4803622000,125000000,2255547000,274229000,None,4133000,125000000
289,PNW,2015-12-31,3316738000,1866532000,207812000,None,430000000,178705000,1442317000,237720000,437257000,111152000,39488000,39488000,1094327000,10444341000,279931000,272155000,10628138000,1076087000,747302000,4583917000,357580000,2092803000,260027000,None,5806000,357580000
290,PNW,2014-12-31,3306139000,1881482000,223295000,None,396000000,185493000,1559143000,220705000,397595000,110767000,7604000,7604000,1099627000,9921397000,255986000,297744000,10145312000,910634000,731486000,4367493000,383570000,1926065000,246671000,None,3401000,383570000
291,PNW,2013-12-31,3267601000,1754584000,182167000,None,400000000,187027000,1618644000,230591000,406074000,110131000,9526000,9526000,1153307000,9314216000,259710000,296701000,9900245000,1016322000,665822000,4194470000,3337000000,1785273000,235244000,None,4308000,540424000
292,PNW,2012-12-31,3103765000,1663449000,210323000,None,None,199645000,1083542000,237317000,763084000,109693000,26202000,26202000,1171122000,9406809000,249430000,273885000,9416754000,889551000,None,3972806000,3322000000,1624102000,225075000,None,4211000,122828000
293,PNW,2011-12-31,3020853000,1627926000,191408000,None,None,223637000,1342705000,183604000,678946000,109203000,33583000,33583000,1125583000,9289168000,226387000,280435000,9043980000,884350000,None,3821850000,3496000000,1534483000,221728000,None,4717000,477435000
294,PNW,2010-12-31,3029254000,1613435000,135334000,None,None,227695000,1449704000,160869000,350053000,108754000,110188000,110188000,750457000,8709671000,181414000,316226000,8687756000,748374000,None,3683327000,3678000000,1423961000,216979000,None,2239000,631879000
295,HAS,2023-12-31,5003300000,4888900000,1480400000,306900000,127700000,186300000,2056400000,-221300000,-1489300000,139100000,544800000,545400000,725600000,5453900000,332000000,1029300000,361900000,209300000,None,1087000000,3849100000,2188400000,388000000,0,3625700000,500000000
296,HAS,2022-12-31,5856700000,4457200000,1666100000,307900000,127300000,171000000,2189700000,58500000,203500000,138100000,498600000,513100000,372900000,6434000000,676800000,1132400000,304500000,174200000,None,2861900000,3739500000,4071400000,385300000,125000000,3634400000,113200000
297,HAS,2021-12-31,6420400000,4097400000,1432700000,315700000,163300000,179700000,2455900000,146600000,428700000,138300000,983400000,1019200000,817900000,6950800000,552100000,1500400000,261800000,132700000,None,3087000000,4749400000,4257800000,374500000,0,3534700000,200100000
298,HAS,2020-12-31,5465400000,4016850000,1252100000,259500000,120200000,201100000,2403300000,96700000,222500000,137398000,1449700000,1449700000,976300000,7857300000,395600000,1391726000,297200000,125754000,None,2961100000,4660015000,4204200000,372652000,0,3551700000,432600000
299,HAS,2019-12-31,4720200000,3375952000,1037000000,262200000,133500000,101900000,1257082000,73800000,520500000,132516000,4580369000,4580369000,653100000,5860098000,446105000,1410597000,255568000,133636000,None,2995530000,4046457000,4354619000,336604000,61400000,3560738000,0
300,HAS,2018-12-31,4579646000,3725506000,1287560000,246165000,139255000,90826000,1274324000,49968000,220434000,126582000,1182371000,1182371000,645997000,3508502000,443383000,1188052000,256473000,140426000,None,1754486000,1695092000,4184374000,309258000,250054000,3515280000,0
301,HAS,2017-12-31,5209782000,3783791000,1124793000,269020000,143018000,98268000,1251697000,389543000,396607000,124544000,1581234000,1581234000,724378000,3460026000,433293000,1405399000,259710000,134877000,None,1829957000,1693609000,4260222000,276973000,151311000,3346292000,0
302,HAS,2016-12-31,5019822000,3673656000,1110769000,266375000,119707000,97405000,1617859000,159338000,551380000,126966000,1282285000,1282285000,817313000,3205926000,387675000,1319963000,267398000,154900000,None,1862736000,1198679000,4148722000,248881000,150075000,3181681000,350000000
303,HAS,2015-12-31,1971875000,3220649000,960795000,242944000,111605000,97122000,1064647000,157043000,451838000,126688000,976750000,976750000,571366000,3016645000,384492000,1217850000,237527000,142022000,None,1663902000,1547115000,3852321000,225797000,87224000,3040895000,0
304,HAS,2014-12-31,2022997000,3109260000,895537000,222556000,105258000,93098000,1071684000,126678000,415930000,125738000,893167000,893167000,454411000,3009706000,339572000,1094673000,237489000,113388000,244587000,1465664000,3119790000,3630072000,216855000,459564000,2980066000,0
305,HAS,2013-12-31,1872980000,3136737000,871679000,207591000,102799000,-105585000,1363280000,67894000,286198000,130828000,682449000,682449000,401132000,2674479000,348794000,1093620000,236263000,112031000,321876000,1682343000,1915594000,3432176000,156129000,103488000,2554726000,428390000
306,HAS,2012-12-31,4180124000,3028997000,847347000,201197000,99718000,-91141000,960435000,117403000,335999000,129830000,849701000,849701000,534796000,2818008000,316049000,1029959000,230414000,112091000,330746000,1507379000,1396421000,3354545000,225464000,98005000,2535649000,0
307,HAS,2011-12-31,4374611000,3217249000,822094000,197638000,113821000,-89022000,942344000,101026000,385367000,129128000,641688000,641688000,396069000,2713259000,333993000,1034580000,218021000,110987000,343835000,1417515000,1400872000,3205420000,154028000,423008000,2486853000,None
308,HAS,2010-12-31,4084273000,2792293000,781192000,201358000,95925000,-82112000,718801000,109968000,397752000,136997000,727796000,727796000,367981000,2477806000,364194000,961252000,233580000,112597000,None,1615420000,2795362000,2978317000,133048000,639563000,2101854000,0
309,HII,2023-12-31,11454000000,1150000000,1022000000,35000000,219000000,95000000,3032000000,172000000,681000000,39618880,430000000,430000000,970000000,7122000000,186000000,644000000,3296000000,278000000,None,4093000000,2540000000,4755000000,200000000,75000000,2286000000,231000000
310,HII,2022-12-31,10676000000,1064000000,924000000,40000000,218000000,102000000,2895000000,140000000,579000000,39900000,467000000,467000000,766000000,7368000000,183000000,806000000,3198000000,272000000,None,3489000000,2905000000,4276000000,192000000,52000000,2211000000,399000000
311,HII,2021-12-31,9524000000,984000000,898000000,34000000,207000000,89000000,2427000000,78000000,544000000,40000000,627000000,627000000,760000000,7819000000,161000000,642000000,3107000000,311000000,None,2808000000,3298000000,3891000000,186000000,101000000,2159000000,None
312,HII,2020-12-31,9361000000,973000000,904000000,31000000,191000000,114000000,2226000000,114000000,696000000,40500000,512000000,512000000,1093000000,6256000000,137000000,568000000,2978000000,336000000,None,1901000000,1686000000,3533000000,172000000,84000000,2058000000,None
313,HII,2019-12-31,8899000000,864000000,788000000,23000000,180000000,70000000,1890000000,134000000,549000000,40800000,75000000,75000000,896000000,5443000000,136000000,466000000,2832000000,436000000,None,1588000000,1286000000,3009000000,149000000,262000000,1974000000,35000000
314,HII,2018-12-31,8176000000,907000000,871000000,25000000,167000000,58000000,1829000000,135000000,836000000,41900000,240000000,240000000,914000000,4867000000,128000000,252000000,2517000000,402000000,None,1516000000,1283000000,2609000000,132000000,742000000,1760000000,None
315,HII,2017-12-31,7441000000,6627000000,570000000,17000000,165000000,94000000,1391000000,293000000,479000000,45100000,701000000,701000000,814000000,4616000000,183000000,1188000000,2215000000,361000000,None,1758000000,1279000000,1687000000,115000000,286000000,972000000,1279000000
316,HII,2016-12-31,7068000000,6253000000,623000000,19000000,163000000,74000000,1343000000,211000000,573000000,46200000,720000000,720000000,822000000,4699000000,210000000,1164000000,1986000000,285000000,None,1653000000,1278000000,1323000000,98000000,194000000,684000000,1278000000
317,HII,2015-12-31,6839000000,6313000000,669000000,19000000,154000000,137000000,1274000000,228000000,404000000,46900000,894000000,894000000,861000000,4534000000,285000000,1074000000,1827000000,188000000,None,1490000000,1273000000,848000000,81000000,232000000,492000000,1273000000
318,HII,2014-12-31,6845000000,6340000000,726000000,18000000,166000000,149000000,1312000000,169000000,338000000,48300000,990000000,990000000,755000000,4874000000,339000000,1038000000,1792000000,165000000,None,1365000000,1670000000,525000000,49000000,138000000,258000000,108000000
319,HII,2013-12-31,6702000000,6351000000,739000000,22000000,206000000,118000000,1392000000,133000000,261000000,48700000,1043000000,1043000000,236000000,4704000000,309000000,1123000000,1897000000,139000000,None,1521000000,1779000000,236000000,25000000,119000000,120000000,79000000
320,HII,2012-12-31,6591000000,6379000000,739000000,21000000,165000000,117000000,1384000000,95000000,146000000,49600000,1057000000,1057000000,332000000,5725000000,286000000,905000000,2034000000,162000000,None,667000000,1830000000,None,5000000,1000000,1000000,51000000
321,HII,2011-12-31,6471000000,6471000000,624000000,24000000,164000000,104000000,1372000000,96000000,-100000000,48821563,915000000,915000000,528000000,5210000000,483000000,711000000,2033000000,197000000,None,859000000,1859000000,-141000000,1429000000,None,None,29000000
322,BBWI,2023-01-28,7212000000,6184000000,1879000000,None,221000000,348000000,1379000000,251000000,800000000,229000000,1232000000,1232000000,1144000000,7700000000,709000000,226000000,1193000000,328000000,None,-2206000000,4862000000,-2401000000,186000000,1312000000,822000000,None
323,BBWI,2022-01-29,7299000000,5873000000,1846000000,None,363000000,388000000,1290000000,348000000,1333000000,254000000,1979000000,1979000000,1492000000,7544000000,709000000,240000000,1009000000,270000000,None,-1518000000,4854000000,-1803000000,120000000,1964000000,822000000,None
324,BBWI,2021-01-30,11356000000,10524000000,1492000000,None,521000000,432000000,2826000000,257000000,844000000,278000000,3568000000,3903000000,2039000000,12233000000,572000000,269000000,1017000000,228000000,None,-662000000,6366000000,-1421000000,83000000,0,358000000,None
325,BBWI,2020-02-01,12496000000,12919000000,1347000000,None,588000000,370000000,2372000000,148000000,-366000000,277000000,1499000000,1499000000,1236000000,11624000000,1287000000,306000000,2486000000,458000000,None,-1499000000,5495000000,-2182000000,332000000,0,358000000,61000000
326,BBWI,2019-02-02,12852000000,12002000000,3563000000,None,590000000,385000000,1986000000,213000000,644000000,275000000,1413000000,1413000000,1377000000,8959000000,1248000000,367000000,2818000000,629000000,None,-869000000,5739000000,-1482000000,666000000,198000000,358000000,72000000
327,BBWI,2018-02-03,12183000000,10904000000,3231000000,None,571000000,406000000,2031000000,329000000,983000000,280000000,1515000000,1515000000,1406000000,8902000000,1240000000,310000000,2893000000,707000000,None,-753000000,5707000000,-1434000000,686000000,446000000,162000000,87000000
328,BBWI,2017-01-28,12146000000,10571000000,3122000000,None,518000000,394000000,2014000000,538000000,1158000000,286000000,1934000000,1934000000,1990000000,8899000000,1096000000,294000000,2741000000,990000000,None,-729000000,11522000000,205000000,1268000000,435000000,1753000000,None
329,BBWI,2016-01-30,11820000000,10419000000,3012000000,None,457000000,334000000,1875000000,681000000,1253000000,290000000,2548000000,2558000000,2027000000,8752000000,1122000000,261000000,2330000000,727000000,None,-259000000,5750000000,315000000,1171000000,483000000,1315000000,6000000
330,BBWI,2015-01-31,11132000000,9939000000,2855000000,None,438000000,324000000,1679000000,594000000,1042000000,292000000,1681000000,1681000000,1786000000,7458000000,1036000000,252000000,2277000000,715000000,None,18000000,4722000000,233000000,691000000,87000000,832000000,0
331,BBWI,2014-02-01,10461000000,9437000000,2686000000,None,406000000,314000000,1826000000,543000000,903000000,291000000,1681000000,1519000000,1248000000,7568000000,1165000000,244000000,2045000000,691000000,None,-370000000,4976000000,-118000000,349000000,60000000,748000000,215000000
332,BBWI,2013-02-02,10148000000,9221000000,2720000000,None,386000000,316000000,1538000000,528000000,753000000,289000000,773000000,773000000,1351000000,7034000000,1004000000,203000000,1803000000,588000000,None,-1015000000,4477000000,-672000000,1449000000,629000000,685000000,0
333,BBWI,2012-01-28,10207000000,9515000000,2698000000,None,387000000,246000000,1526000000,377000000,850000000,295000000,935000000,935000000,1266000000,5971000000,997000000,218000000,1644000000,426000000,None,137000000,3538000000,24000000,1144000000,1190000000,60000000,57000000
334,BBWI,2011-01-29,9385000000,8717000000,2341000000,None,387000000,208000000,1504000000,446000000,805000000,321000000,1130000000,1130000000,1284000000,4975000000,1032000000,232000000,1610000000,274000000,None,1476000000,2507000000,1354000000,1488000000,207000000,207000000,0
335,BBWI,2010-01-30,8395000000,8163000000,2166000000,None,387000000,237000000,1322000000,202000000,448000000,323000000,1804000000,1804000000,1174000000,4990000000,1037000000,219000000,1723000000,202000000,None,2183000000,2725000000,2037000000,193000000,0,0,2000000
336,NRG,2023-12-31,28823000000,29555000000,1968000000,None,257000000,667000000,9500000000,-11000000,-202000000,208130950,541000000,541000000,-221000000,23132000000,607000000,3542000000,None,598000000,42000000,2906000000,10940000000,820000000,381000000,1172000000,1892000000,620000000
337,NRG,2022-12-31,31543000000,29429000000,1228000000,None,291000000,417000000,12982000000,442000000,1221000000,229561030,430000000,430000000,360000000,25318000000,751000000,4778000000,-1478000000,367000000,133000000,3828000000,8100000000,1408000000,332000000,606000000,5864000000,63000000
338,NRG,2021-12-31,26989000000,22873000000,1293000000,None,384000000,485000000,7915000000,672000000,2187000000,243753899,250000000,250000000,493000000,19582000000,498000000,3245000000,-1308000000,269000000,157000000,3600000000,8100000000,464000000,319000000,48000000,5273000000,4000000
339,NRG,2020-12-31,9093000000,6540000000,810000000,8000000,295000000,401000000,1915000000,251000000,510000000,244231933,3905000000,3905000000,1837000000,13222000000,327000000,904000000,-1936000000,230000000,346000000,1680000000,8855000000,-1403000000,295000000,229000000,5232000000,1000000
340,NRG,2019-12-31,9821000000,7303000000,760000000,7000000,271000000,413000000,2359000000,-3334000000,4438000000,248996189,345000000,345000000,1413000000,10853000000,383000000,1025000000,2593000000,228000000,0,1678000000,6042000000,-1616000000,32000000,1440000000,5039000000,88000000
341,NRG,2018-12-31,9478000000,7108000000,799000000,11000000,356000000,483000000,2398000000,7000000,268000000,283650039,563000000,563000000,1377000000,11843000000,412000000,1024000000,3048000000,388000000,0,-1215000000,6691000000,-6022000000,37000000,1250000000,3632000000,72000000
342,NRG,2017-12-31,9074000000,6886000000,836000000,22000000,None,557000000,3354000000,-44000000,-2153000000,316743089,770000000,991000000,1610000000,21309000000,453000000,1564000000,5974000000,1045000000,0,2046000000,9494000000,-6268000000,38000000,0,2386000000,204000000
343,NRG,2016-12-31,8915000000,6676000000,1032000000,48000000,None,583000000,4702000000,25000000,-774000000,315443011,591000000,1973000000,1908000000,26190000000,721000000,1510000000,15369000000,1245000000,0,4492000000,16704000000,-3787000000,76000000,0,2399000000,516000000
344,NRG,2015-12-31,12328000000,9000000000,1228000000,154000000,None,937000000,4375000000,1345000000,-6382000000,314190042,853000000,1518000000,1349000000,27117000000,1252000000,1503000000,18732000000,1242000000,0,5765000000,19620000000,-3007000000,201000000,437000000,2413000000,481000000
345,NRG,2014-12-31,15868000000,11808000000,1016000000,88000000,None,1119000000,4859000000,3000000,134000000,336662624,2116000000,2116000000,1510000000,28480000000,1247000000,1826000000,22367000000,925000000,0,11986000000,20366000000,3588000000,196000000,39000000,1983000000,474000000
346,NRG,2013-12-31,11295000000,8130000000,895000000,84000000,None,848000000,4204000000,-282000000,-386000000,323779252,2254000000,2522000000,1270000000,23184000000,898000000,1596000000,19851000000,1992000000,0,10718000000,16804000000,3695000000,154000000,25000000,1942000000,1050000000
347,NRG,2012-12-31,8422000000,6140000000,807000000,68000000,None,661000000,4670000000,-327000000,295000000,322606898,2087000000,2304000000,1149000000,24465000000,903000000,1315000000,20153000000,3397000000,0,10518000000,15866000000,4230000000,50000000,0,1920000000,147000000
348,NRG,2011-12-31,9079000000,6745000000,586000000,45000000,None,665000000,5861000000,-843000000,197000000,227519521,1105000000,1397000000,1166000000,18982000000,308000000,1152000000,13621000000,2329000000,0,7918000000,9729000000,3987000000,9000000,430000000,1924000000,87000000
349,NRG,2010-12-31,8849000000,6073000000,598000000,55000000,None,630000000,4220000000,277000000,477000000,247197355,2951000000,2959000000,1623000000,18576000000,453000000,734000000,12517000000,777000000,536000000,8320000000,9104000000,3800000000,9000000,180000000,1503000000,463000000
350,NRG,2009-12-31,8952000000,5323000000,550000000,48000000,None,634000000,3762000000,728000000,942000000,253995308,2304000000,2306000000,2106000000,15434000000,541000000,876000000,11564000000,812000000,409000000,7944000000,8295000000,3332000000,33000000,500000000,1163000000,571000000
351,WRK,2023-09-30,20310000000,16725500000,64200000,None,1163400000,535100000,4919400000,-60400000,-1649000000,256400000,393400000,393400000,1827900000,17363000000,2331500000,2591900000,11063200000,1142100000,45300000,10080700000,8113800000,278200000,281300000,None,None,533000000
352,WRK,2022-09-30,21256500000,17237500000,93300000,None,1108100000,375600000,3902800000,269600000,944600000,254400000,260200000,260200000,2020400000,17003500000,2317100000,2683900000,10081400000,862600000,480400000,11402000000,7589500000,2214400000,259500000,600000000,None,212200000
353,WRK,2021-09-30,18746100000,15320800000,88600000,None,1069700000,418900000,3644100000,243400000,838300000,265000000,290900000,290900000,2279900000,17584000000,2173300000,2586900000,10570100000,815500000,453300000,11670300000,8034000000,1607900000,233800000,122400000,None,168800000
354,WRK,2020-09-30,17578800000,14381600000,130300000,None,1054900000,465500000,2928900000,163500000,-690900000,260400000,251100000,251100000,2070700000,18149100000,2023400000,2142700000,10778900000,978100000,429600000,10630600000,9389400000,1031600000,344500000,0,None,172700000
355,WRK,2019-09-30,18289000000,14540000000,410900000,None,1074600000,489400000,3435100000,276800000,862900000,257800000,151600000,151600000,2310200000,18486800000,2107500000,2193200000,11189500000,1369100000,469100000,11669900000,9322900000,1997100000,467900000,88600000,None,561100000
356,WRK,2018-09-30,16285100000,12923100000,310500000,None,923800000,352800000,3333300000,-874500000,1906100000,253500000,636800000,636800000,1931200000,13891100000,1829600000,2010700000,9082500000,999900000,457800000,11469400000,5508500000,1573300000,440900000,195100000,None,740700000
357,CTLT,2023-06-30,4263000000,3223000000,829000000,18000000,286000000,49000000,1530000000,-86000000,-256000000,179000000,280000000,280000000,254000000,6166000000,777000000,1002000000,3682000000,576000000,36000000,4611000000,715000000,262000000,4000000,None,None,715000000
358,CTLT,2022-06-30,4802000000,3188000000,844000000,23000000,255000000,38000000,1098000000,80000000,499000000,179000000,449000000,449000000,439000000,5733000000,702000000,1051000000,3127000000,660000000,33000000,4775000000,4171000000,518000000,4000000,None,None,31000000
359,CTLT,2021-06-30,3998000000,2646000000,687000000,21000000,196000000,52000000,1196000000,130000000,585000000,170549341,896000000,896000000,433000000,4838000000,563000000,1012000000,2524000000,686000000,38000000,3915000000,3166000000,25000000,22000000,None,None,75000000
360,CTLT,2020-06-30,3094000000,2111000000,577000000,21000000,165000000,24000000,893000000,39000000,221000000,162788043,953000000,953200000,440000000,4271000000,324000000,838100000,1901000000,465800000,5000000,2899000000,2945100000,-535200000,36200000,None,None,72900000
361,CTLT,2019-06-30,2518000000,1713000000,512000000,19000000,141000000,9200000,670700000,23000000,137000000,145738286,345000000,345400000,248000000,3895800000,257200000,716400000,1536700000,218100000,None,1681600000,2882800000,-723400000,15000000,None,None,76500000
362,CTLT,2018-06-30,2463400000,1710800000,464800000,6300000,127500000,14300000,576900000,68400000,83600000,133423628,410000000,410200000,374500000,3444400000,209100000,555800000,1270600000,176500000,None,1086700000,2649400000,-872100000,36200000,None,None,71900000
363,CTLT,2017-06-30,2075400000,1420800000,402600000,7000000,102200000,2300000,469000000,25800000,109800000,125049867,288300000,288300000,299500000,2730800000,184900000,488800000,995900000,139800000,None,723500000,2055100000,-955700000,36200000,None,None,24600000
364,CTLT,2016-06-30,1778200000,1782200000,358100000,7600000,94200000,1800000,391200000,33700000,111500000,124712240,131600000,138600000,155300000,2455200000,154800000,414800000,905800000,139600000,None,635900000,1832800000,-1036100000,None,None,None,27700000
365,CTLT,2015-06-30,1789900000,1716500000,337300000,12200000,94300000,2200000,399000000,-97700000,212200000,124319279,151300000,151300000,171800000,2504300000,132900000,372400000,885200000,141000000,None,634000000,1857000000,-1166900000,150400000,10300000,None,23800000
366,CTLT,2014-06-30,1681700000,1736700000,334800000,17500000,100500000,10200000,453000000,49500000,16200000,74821300,74400000,74400000,178300000,3461400000,134800000,403700000,873000000,122400000,None,-371200000,2685400000,-1379100000,None,0,None,2710600000
367,RHI,2023-12-31,6416490000,6015947000,2107531000,None,51364000,None,1235111000,165437000,411146000,105208817,731740000,731740000,636881000,1422438000,None,860872000,108809000,45874000,None,1588351000,None,266169000,205910000,254625000,None,None
368,RHI,2022-12-31,7246150000,6176917000,2117296000,None,47398000,8008000,1216202000,239036000,657919000,107698498,658626000,658626000,683750000,1395930000,558236000,1018287000,109687000,61120000,None,1568558000,None,318508000,189286000,319897000,None,None
369,RHI,2021-12-31,6461641000,5718939000,1951282000,None,52210000,122353000,1358673000,205154000,598626000,110685989,619001000,619001000,603136000,1571308000,609209000,984691000,93403000,36611000,None,1381051000,200000,167659000,170612000,287738000,None,0
370,RHI,2020-12-31,5110343000,4838837000,1666041000,None,62281000,151719000,1046626000,115606000,306276000,113127501,574426000,574426000,596528000,1352135000,504308000,714163000,109817000,33377000,None,1205289000,200000,29936000,155935000,159172000,None,239000
371,RHI,2019-12-31,6079557000,5454042000,1958295000,None,64264000,5125000,940692000,171082000,454433000,115120404,270478000,270478000,519629000,1167725000,482806000,832797000,128385000,59464000,None,1143683000,457000,36067000,145631000,277535000,None,218000
372,RHI,2018-12-31,5804653000,5213051000,1810601000,None,64244000,11486000,819536000,157314000,434288000,119078491,276579000,276579000,572322000,839899000,311708000,794446000,125176000,45771000,None,1063198000,657000,0,136423000,353509000,None,200000
373,RHI,2017-12-31,5268588000,4751072000,1646532000,None,63930000,None,747896000,226932000,290584000,124261458,294753000,294753000,452991000,762189000,292326000,732405000,144887000,49783000,None,1105265000,840000,37033000,121000000,231724000,None,183000
374,RHI,2016-12-31,5251287000,4697177000,1606217000,None,63078000,None,679896000,210721000,343389000,127796558,260201000,260201000,442081000,691372000,236371000,703228000,161509000,116709000,None,1086599000,1007000,84562000,114164000,176031000,None,167000
375,RHI,2015-12-31,5095483000,4514453000,1533799000,None,53273000,None,655549000,223234000,357796000,131156064,224577000,224577000,438236000,667263000,350784000,704640000,142906000,107021000,None,1003781000,1160000,34467000,107561000,271138000,None,153000
376,RHI,2014-12-31,4695738000,4198389000,1425734000,None,49124000,None,623362000,191421000,305928000,135134064,287119000,287119000,340698000,667409000,305388000,657676000,121754000,87197000,None,979858000,1299000,36836000,97604000,153821000,None,140000
377,RHI,2013-12-31,4246897000,3849318000,1324815000,None,47072000,None,535853000,145384000,252195000,137466421,275764000,275764000,309217000,570628000,262272000,551905000,112644000,66752000,None,919643000,1428000,13315000,89187000,167975000,None,128000
378,RHI,2012-12-31,4112410000,3768165000,1305614000,None,48326000,None,501637000,134303000,209942000,139438603,287635000,287635000,289177000,539260000,200528000,512852000,107680000,69139000,None,842011000,1545000,0,84129000,176794000,None,117000
379,RHI,2011-12-31,3777927000,3527711000,1240184000,None,51262000,None,473001000,100294000,149922000,142085533,279336000,279336000,256316000,511331000,-145437000,493327000,107972000,74668000,None,800505000,1656000,0,80303000,168103000,None,111000
380,RHI,2010-12-31,3175672000,3060504000,1079033000,None,55547000,1779000,408460000,49099000,66069000,146182564,315137000,315137000,175883000,439613000,-141461000,423175000,103651000,35088000,None,834371000,1779000,0,76591000,155460000,None,123000
381,UHS,2023-12-31,14075302000,9349379000,1673854000,None,535600000,206674000,2013347000,221119000,717795000,67809000,119439000,119439000,1267797000,7818601000,216988000,2238265000,6124529000,743055000,None,6149001000,4912469000,6798930000,55480000,547363000,None,126686000
382,UHS,2022-12-31,13272481000,9007632000,1605965000,None,544000000,126889000,1914419000,209278000,675609000,71165000,102818000,102818000,996023000,7573606000,218517000,2017722000,5918458000,734001000,None,5920582000,4807980000,6533667000,58449000,832918000,None,81447000
383,UHS,2021-12-31,12558445000,8257545000,1545997000,None,501600000,83672000,1984109000,305681000,991590000,78808000,115301000,115301000,883695000,7003879000,206839000,1746635000,5874275000,855659000,None,6089664000,4190288000,6604089000,65896000,1220875000,None,48409000
384,UHS,2020-12-31,11452612000,7411722000,1288132000,None,478800000,106285000,2481039000,299293000,943953000,84728000,1224490000,1224490000,2360169000,7159733000,190417000,1728928000,5373124000,731307000,None,6317146000,3900000000,6747678000,17344000,206719000,None,331998000
385,UHS,2019-12-31,11215526000,7428262000,1251346000,None,455600000,162733000,1563390000,238794000,814854000,87184000,61268000,61268000,1438469000,6164145000,159889000,1560847000,5016698000,634095000,139253000,5504105000,3984127000,5933504000,53003000,770504000,None,87550000
386,UHS,2018-12-31,10617322000,7031329000,1274748000,None,410000000,154956000,1448738000,236642000,779705000,92187000,105220000,105220000,1274742000,5876218000,148206000,1509909000,4847940000,36243000,175039000,5389262000,4000000000,5793262000,37342000,397425000,None,63446000
387,UHS,2017-12-31,10264696000,6636625000,6188860000,None,388400000,145169000,1848034000,363697000,752303000,94530000,74423000,74423000,1247585000,5772314000,136177000,1500898000,4571837000,29047000,11200000,4989514000,4040009000,5353209000,38211000,364401000,None,545619000
388,UHS,2016-12-31,9641157000,6130799000,5714191000,None,350800000,125053000,1317373000,409187000,702409000,96998000,33747000,33747000,1333842000,5784582000,125365000,1439553000,4330956000,21475000,11700000,4533220000,4136125000,4891274000,38875000,353380000,None,105895000
389,UHS,2015-12-31,46000000,2586397000,2187779000,None,337500000,113494000,1100406000,395203000,680528000,91013487,61228000,0,1068262000,5365797000,116037000,1302429000,3835978000,0,7760156000,4249647000,3431356000,4566521000,39532000,209782000,-4309161000,62722000
390,UHS,2014-12-31,59000000,5210771000,4835147000,None,314500000,133638000,1052569000,324671000,545343000,6595708,32069000,32069000,1035876000,12176386000,108115000,1282735000,3679689000,13488000,0,-8674836000,3278534000,4015387000,29665000,100749000,-3791080000,44874000
391,UHS,2013-12-31,54000000,4860639000,3702378000,None,285600000,146131000,1059888000,-53506000,480344000,98237000,17238000,17238000,0,5061744000,101781000,1116961000,3442169000,49811000,0,3249979000,3309074000,3499337000,19621000,27201000,-3300229000,99312000
392,UHS,2012-12-31,6988485000,4643565000,3535802000,None,270500000,178918000,894058000,274616000,443446000,386993897,11949000,23471000,799231000,5487498000,99000000,1067197000,3382235000,945401000,0,2713345000,3730020000,2962433000,58395000,19154000,-2765949000,2589000
393,UHS,2011-12-31,7500650000,4603771000,3486732000,None,262100000,200792000,836933000,247466000,398167000,96455000,41229000,41229000,710683000,5368893000,96775000,969802000,3287980000,256216000,0,2296352000,3653907000,2494076000,19466000,60482000,None,2479000
394,UHS,2010-12-31,5490585000,3457071000,2500063000,None,197300000,77617000,826299000,152302000,230183000,97125000,29474000,29474000,501344000,5549164000,94330000,837820000,3252967000,2197572000,0,1978772000,3915551000,2125989000,19422000,11528000,None,3449000
395,XRAY,2023-12-31,3887000000,4077000000,1613000000,184000000,132000000,81000000,1425000000,-43000000,-132000000,207200000,334000000,334000000,377000000,4076000000,624000000,756000000,799000000,149000000,None,3293000000,1909000000,205000000,116000000,300000000,2922000000,77000000
396,XRAY,2022-12-31,3908000000,4945000000,1589000000,174000000,119000000,65000000,1170000000,-105000000,-950000000,215300000,365000000,365000000,517000000,3831000000,627000000,632000000,761000000,149000000,None,3811000000,1769000000,456000000,104000000,150000000,2649000000,1000000
397,XRAY,2021-12-31,20000000,1790000000,1551000000,171000000,124000000,55000000,1261000000,134000000,411000000,217400000,339000000,339000000,657000000,4242000000,515000000,750000000,773000000,159000000,None,4996000000,1922000000,1514000000,92000000,200000000,2535000000,1000000
398,XRAY,2020-12-31,3305000000,3550000000,1302000000,123000000,142000000,48000000,1372000000,23000000,-73000000,218700000,438000000,438000000,649000000,4415000000,476000000,673000000,791000000,87000000,None,4932000000,2284000000,1198000000,88000000,140000000,2409000000,296000000
399,XRAY,2019-12-31,4021100000,3858200000,1723000000,143000000,133000000,30000000,995000000,82000000,256000000,221300000,405000000,404900000,639000000,3508000000,562000000,782000000,802000000,123000000,None,5093000000,1438000000,1404000000,80900000,260000000,2301000000,0
400,XRAY,2018-12-31,3982700000,4056500000,1719000000,161000000,133000000,37000000,1013300000,53000000,-1011000000,223000000,309600000,309600000,500000000,3554000000,598900000,701900000,871000000,183000000,None,5121100000,1580000000,1225900000,78600000,250000000,2151000000,10600000
401,XRAY,2017-12-31,3951800000,4093900000,1674700000,151700000,127300000,38300000,954500000,-53200000,-1550000000,226800000,320600000,320600000,601900000,3746600000,623100000,746200000,876000000,144300000,None,6616300000,1626100000,2316200000,78300000,401400000,1955400000,9200000
402,XRAY,2016-12-31,0,-2000900000,1523000000,128500000,116600000,35900000,767600000,9500000,429900000,230100000,383900000,383900000,563400000,3429900000,517100000,636000000,799800000,125000000,None,8114300000,1528200000,3948000000,64600000,813900000,1647300000,11000000
403,XRAY,2015-12-31,0,-1517200000,1077300000,74900000,79100000,55900000,476000000,77000000,251200000,140100000,284600000,284600000,497400000,2063500000,340400000,399900000,558800000,72000000,8500000,2338000000,1153500000,3591000000,40000000,112700000,898400000,9200000
404,XRAY,2014-12-31,0,-1599800000,1143100000,80800000,81200000,46900000,652600000,81100000,322900000,140900000,151600000,151639000,560400000,2324300000,387100000,426606000,588800000,99600000,100000,2321300000,1262700000,3380700000,37387000,163200000,841600000,109800000
405,XRAY,2013-12-31,0,-1577400000,1144800000,85100000,81600000,49600000,796405000,52200000,313200000,142241000,75000000,74954000,417800000,2500073000,438559000,472802000,637200000,100300000,None,2535053000,1370834000,3095721000,34874000,118000000,748506000,204656000
406,XRAY,2012-12-31,2868091000,2675689000,1148731000,85400000,79456000,56851000,927780000,8920000,314213000,142322000,80100000,80132000,369685000,2722854000,402940000,442412000,614705000,92072000,241000000,2208698000,1472913000,2818461000,31425000,38837000,713739000,250878000
407,XRAY,2011-12-31,2490402000,2330048000,936847000,85400000,64039000,43814000,724073000,11016000,244520000,141632000,77128000,77128000,393469000,2871247000,361762000,427709000,591445000,71186000,None,1848077000,1491419000,2535709000,28632000,79500000,727977000,1409000
408,XRAY,2010-12-31,2199256000,1907081000,738901000,66700000,56868000,25089000,360091000,89225000,265708000,141735000,540038000,540038000,377461000,1348039000,308738000,344796000,423105000,44236000,None,1839386000,606493000,2320350000,29077000,223993000,711650000,2478000
409,XRAY,2009-12-31,2138020000,1778729000,718230000,50300000,54087000,21896000,444556000,88944000,274258000,146961000,450348000,450385000,362489000,1180974000,291640000,348684000,439620000,56481000,None,1832105000,453731000,2083459000,29836000,78718000,532019000,66580000
410,FRT,2023-12-31,1132154000,726316000,58685000,None,None,167809000,297830000,181910000,236985000,82775286,250825000,250825000,555830000,5210990000,None,None,613296000,60628000,34870000,2963509000,4615731000,-1160474000,359194000,None,None,None
411,FRT,2022-12-31,1074378000,710154000,60450000,None,None,136989000,309111000,140917000,385491000,81342959,85558000,85558000,516769000,5021606000,-267406000,None,662554000,438494000,145205000,2954012000,4344474000,-1034186000,347284000,None,None,None
412,FRT,2021-12-31,951224000,636029000,57337000,None,None,127698000,347037000,136526000,261498000,78603305,162132000,162132000,471352000,4745464000,None,None,607271000,366466000,13027000,2580602000,4063414000,-1066932000,335656000,None,None,None
413,FRT,2020-12-31,835494000,556005000,48112000,None,None,136289000,332868000,132409000,131706000,76727394,798329000,798329000,369929000,4921157000,4711000,None,810889000,9589000,22128000,2464157000,4308505000,-988272000,324596000,None,None,None
414,FRT,2019-12-31,935788000,387360000,50181000,None,None,109623000,358880000,114287000,353866000,75540804,127432000,127432000,461919000,4019102000,-130000,None,760420000,204516000,28604000,2535341000,3370290000,-791124000,313649000,None,None,66865000
415,FRT,2018-12-31,915436000,187855000,41535000,None,None,110154000,274004000,-4796000,241907000,74249633,64087000,64087000,516688000,3686106000,None,None,495274000,13503000,26859000,2345891000,3173900000,-818877000,301194000,None,None,None
416,FRT,2017-12-31,857348000,553010000,45288000,None,None,100125000,288930000,-69966000,289914000,73090877,15188000,15188000,458828000,3743084000,None,None,684873000,436652000,23941000,2266706000,3231580000,-749367000,282995000,None,None,3284766000
417,FRT,2016-12-31,801591000,517110000,41919000,None,None,94994000,289481000,-23485000,249910000,71995897,23368000,23368000,427672000,3203750000,None,None,599260000,142958000,14864000,1976733000,2740752000,-749734000,267694000,None,None,2600000
418,FRT,2015-12-31,744012000,481371000,44691000,None,None,92553000,281809000,-20125000,210219000,69493392,21046000,21046000,369046000,2977312000,None,None,433635000,154313000,41546000,1663749000,2559794000,-724701000,243314000,None,None,4100000
419,FRT,2014-12-31,686090000,451975000,41848000,None,None,93941000,220420000,3353000,164535000,68605783,47951000,47951000,346130000,2735261000,None,None,480241000,9154000,37457000,1604401000,2339584000,-683991000,215216000,None,None,3515000
420,FRT,2013-12-31,637413000,490352000,40634000,None,None,104977000,321710000,-24870000,162681000,66701422,88927000,88927000,314498000,2643572000,14056000,None,531205000,87276000,32264000,1448160000,2248513000,-623795000,193016000,None,None,None
421,FRT,2012-12-31,605791000,452472000,38479000,None,None,113336000,181571000,-7553000,151925000,64815446,36988000,36988000,296633000,2493552000,None,None,288714000,80865000,33169000,1286812000,2126508000,-586970000,179884000,None,None,None
422,FRT,2011-12-31,551103000,422135000,35853000,None,None,98465000,223569000,-143917000,143917000,63544150,67806000,67806000,244711000,2340281000,None,None,193836000,103557000,34352000,1216092000,2036782000,-555541000,169254000,None,None,None
423,FRT,2010-12-31,541797000,313870000,24189000,None,None,101882000,155926000,-122790000,122790000,61526418,15797000,15797000,256735000,1978423000,None,None,163200000,57133000,51606000,1094736000,627382000,-527582000,168466000,None,None,None
424,VFC,2022-03-31,11695026000,10490457000,4823243000,None,None,136469000,3315397000,306981000,1386941000,388298375,1275943000,1275943000,864288000,9811853000,1418673000,1467842000,1028443000,328320000,None,3530355000,5067023000,443475000,773205000,350004000,None,500000000
425,VFC,2021-03-31,9105775000,8979071000,4240058000,None,None,135655000,2210477000,101566000,407869000,391941477,815750000,1414556000,1313225000,10697865000,1061839000,1298020000,975876000,274200000,None,3056164000,5690861000,189534000,756784000,0,None,0
426,VFC,2020-03-31,10488556000,9560375000,4547008000,None,None,92042000,3023884000,98062000,679449000,388812158,1369028000,1369028000,874527000,7775917000,1293912000,1308051000,954406000,333836000,None,3357334000,2585514000,7309000000,748663000,1000007000,None,0
427,VFC,2019-03-31,10266887000,12770166000,4420379000,None,None,107738000,2661604000,167887000,1259792000,396824662,402226000,543011000,1664223000,6058269000,1173102000,1708796000,876093000,306841000,None,4298516000,2087015000,1179601000,767061000,150676000,None,0
428,VFC,2017-12-31,8394684000,10978937000,3662062000,None,None,101974000,2744100000,519809000,614923000,395821781,434152000,566075000,1474660000,6238602000,1706609000,1422101000,1014638000,234730000,214303000,3719900000,2152073000,1023745000,684679000,1200356000,None,0
429,VFC,2016-12-31,11026147000,11118001000,3901122000,None,None,85636000,1785400000,205862000,1074106000,414012954,1224975000,1227862000,1480568000,4798366000,1424571000,1197678000,895960000,220066000,205579000,4940921000,2275074000,2545458000,635994000,1000468000,None,250000000
430,VFC,2015-12-31,10996393000,10874103000,3747799000,None,None,82262000,1941713000,347201000,1231593000,426614274,945605000,945605000,1203616000,4254704000,1555360000,1319558000,945491000,317784000,10706000,5384838000,1393953000,3128731000,565275000,732623000,None,9928000
431,VFC,2014-12-31,11881730000,11442420000,3970536000,None,172443000,79814000,1614065000,385827000,1047505000,432859891,971895000,971895000,1762066000,4214418000,1482804000,1276224000,942181000,302020000,None,5630882000,1402648000,3231753000,478933000,727795000,-5630882000,213000
432,VFC,2013-12-31,11419648000,10190564000,3841032000,None,157810000,84773000,1568001000,352371000,1210119000,440310370,776403000,776403000,1506041000,4238405000,1399062000,1360443000,932792000,325142000,None,6077038000,1402528000,3432090000,402136000,282024000,-6077038000,200000
433,VFC,2012-12-31,10879855000,9816075000,3596708000,None,148969000,93605000,1732212000,335737000,1085999000,110204734,597461000,597461000,1275000000,4507396000,1354158000,1222345000,828218000,282830000,None,5125625000,1802410000,2941447000,333229000,307282000,-5125625000,400187000
434,VFC,2011-12-31,9459232000,8557673000,3085839000,None,127203000,194000,1666032000,274350000,888089000,110556981,341228000,341228000,1081371000,4787135000,1453645000,1120246000,737451000,190996000,None,4525991000,1802294000,2520804000,285722000,7420000,None,2744000
435,VFC,2011-12-31,9459232000,8557673000,3085839000,None,127203000,194000,1109475000,274350000,888089000,107938105,792239000,792239000,1081371000,2596337000,1070694000,773083000,602908000,190996000,None,3861219000,903816000,1940508000,285722000,7420000,None,2737000
436,VFC,2011-12-31,7702589000,7153619000,2574790000,None,116837000,139000,1666032000,176700000,571362000,110556981,341228000,341228000,1001282000,4787135000,1453645000,1120246000,737451000,125250000,None,4525991000,1802294000,2520804000,264281000,411838000,None,2744000
437,VFC,2011-12-31,7702589000,7153619000,2574790000,None,116837000,139000,1109475000,176700000,571362000,107938105,792239000,792239000,1001282000,2596337000,1070694000,773083000,602908000,125250000,None,3861219000,903816000,1940508000,264281000,411838000,None,2737000
438,VFC,2010-12-31,7220286000,6743414000,2336394000,None,113207000,131000,1095789000,196215000,461271000,110285132,731549000,731549000,973485000,2658712000,958639000,776140000,614178000,95594000,None,3815151000,11522000,2050109000,261682000,111974000,None,203179000
439,RL,2022-03-31,6218500000,2071000000,3305600000,None,211800000,54000000,2255700000,154500000,600100000,70900000,1863800000,2598400000,715900000,5188700000,977300000,446800000,969500000,166900000,12000000,2536000000,1636300000,6274900000,150000000,492600000,6308700000,499800000
440,RL,2021-03-31,4400800000,1539400000,2638500000,None,227400000,48500000,1584800000,46300000,-121100000,73800000,2579000000,2776500000,380900000,5283100000,759000000,480400000,1014000000,107800000,6300000,2604400000,1632900000,5872900000,49800000,37700000,5816100000,0
441,RL,2020-03-31,6159800000,2506500000,3237500000,None,246600000,17600000,2092000000,-57900000,384300000,73700000,1620400000,2116300000,754600000,4586800000,736200000,304100000,979500000,270300000,0,2693100000,696000000,5994000000,203900000,694800000,5778400000,299600000
442,RL,2019-03-31,6313000000,2427000000,3168300000,None,257800000,20700000,1200100000,151600000,430900000,79100000,584100000,1987500000,783800000,2655600000,817800000,428900000,1039200000,197700000,44900000,3287200000,689100000,5979100000,190700000,502600000,5083600000,0
443,RL,2018-03-31,6182300000,2430600000,3095500000,None,271200000,18200000,1587200000,326400000,162800000,81700000,1304600000,2004000000,975100000,2685900000,761300000,459400000,1186300000,161600000,86200000,3457400000,586100000,5752200000,162400000,17100000,4581000000,298100000
444,RL,2017-03-31,6652800000,3001700000,3171000000,None,283400000,12400000,1159900000,-5600000,-99300000,82100000,668300000,1353000000,952600000,2352400000,791500000,529600000,1316000000,284000000,21400000,3299600000,588200000,5751900000,165000000,215200000,4563900000,0
445,RL,2016-03-31,7380400000,6680700000,3412500000,None,285700000,21000000,1198300000,155400000,396400000,83700000,456300000,1085700000,1016700000,2469600000,1124600000,575000000,1583200000,417700000,187000000,3743500000,597000000,6015000000,170300000,500400000,4348700000,26000000
446,RL,2015-03-31,7577000000,6575000000,3300300000,None,269200000,16700000,1186000000,285200000,702200000,87300000,499700000,1143700000,893300000,2215000000,1042000000,712000000,1436000000,391200000,8000000,3891600000,298000000,5787000000,158000000,531600000,3849000000,0
447,RL,2014-03-31,7422000000,6318000000,3142000000,None,223000000,20000000,970000000,320000000,776000000,91600000,797400000,1285400000,907000000,2054000000,1020000000,588000000,1322000000,390000000,2000000,4034300000,300000000,5257000000,149000000,558000000,3317000000,0
448,RL,2013-03-31,6916900000,5821100000,2971000000,None,206000000,22000000,1121000000,339000000,750000000,90400000,974000000,1299000000,1019000000,1633000000,896000000,458100000,932000000,276000000,81000000,3785000000,267000000,4647000000,128000000,497000000,2709000000,267000000
449,RL,2012-03-31,6844500000,5820000000,2916000000,None,196000000,24000000,946200000,334000000,681000000,92400000,672000000,1187700000,885000000,1763900000,841600000,547200000,884100000,272000000,102400000,3653000000,274400000,4042400000,74000000,419000000,2211700000,0
450,RL,2011-03-31,5648300000,4813800000,2442700000,None,168700000,18300000,832000000,257800000,567600000,96000000,453000000,1046900000,688700000,1676400000,702100000,442800000,788800000,255000000,83600000,3305000000,291900000,3435300000,38500000,594600000,1792300000,None
451,AIZ,2023-12-31,11131600000,9440600000,None,None,109300000,108000000,2419300000,164300000,642500000,51955994,1627400000,2108500000,1138100000,28825700000,-6249500000,None,685800000,202500000,7393200000,4809500000,2080600000,4028200000,152300000,193100000,122800000,None
452,AIZ,2022-12-31,10193000000,8807300000,7366300000,None,86300000,108300000,4238400000,73300000,276600000,52830381,1536700000,1973500000,596900000,28888600000,-155500000,None,645100000,186300000,7609600000,4228700000,2129900000,3699300000,150200000,572800000,122800000,224700000
453,AIZ,2021-12-31,10187600000,11558500000,3246100000,None,73800000,111800000,4509800000,168400000,1361800000,55754113,2040800000,2734300000,781700000,28456500000,-3941800000,None,561400000,187400000,8733700000,5464100000,2202500000,4041200000,157600000,839300000,122800000,None
454,AIZ,2020-12-31,9597600000,12114900000,3048300000,None,56100000,104500000,16945900000,58700000,440800000,57967808,2207600000,2965900000,1342000000,38695100000,-4115500000,None,446100000,121200000,15809100000,5951400000,2252900000,3548700000,154600000,297000000,267400000,None
455,AIZ,2019-12-31,9569100000,11948000000,3186500000,None,51800000,110600000,3976900000,148300000,382600000,59945893,1867100000,2269600000,1413400000,38609100000,22319200000,None,433700000,110300000,14698400000,5652800000,2006900000,5966400000,151400000,271800000,5267300000,None
456,AIZ,2018-12-31,8057600000,10074300000,2980400000,None,39000000,100300000,33971300000,80900000,251000000,61908979,1254000000,1627200000,656700000,35955400000,1679800000,None,392500000,82800000,13529400000,5112000000,2006000000,5759700000,133800000,139300000,4992400000,None
457,AIZ,2017-12-31,6415000000,7869500000,2710400000,None,34200000,49500000,26504200000,-75100000,519600000,52417812,996800000,1280900000,530400000,27561500000,1363600000,None,347600000,62100000,11658900000,4270600000,1068200000,5697300000,119000000,388900000,4860100000,349800000
458,AIZ,2016-12-31,7531800000,8503429000,3442800000,None,41700000,57600000,24544008000,283200000,565400000,55941480,1032000000,1259711000,108600000,25611000000,1238431000,None,343600000,85233000,11589151000,4098100000,1067020000,5296700000,125300000,863100000,4470600000,1067000000
459,AIZ,2015-12-31,10325500000,14990795000,3924100000,None,47400000,55100000,24347779000,59600000,141600000,65850386,1288300000,1797255000,229900000,25512435000,1284893000,None,298414000,114896000,13124515000,4523967000,1171382000,4856674000,94168000,292900000,3601162000,1164656000
460,AIZ,2014-12-31,10381653000,14053398000,3688230000,None,47670000,58395000,25210000000,273230000,470907000,69299559,1318600000,1663902000,663062000,26381159000,1460762000,None,277645000,83603000,14270320000,5181307000,1171079000,4809287000,77495000,215183000,3316511000,1267065000
461,AIZ,2013-12-31,9047657000,10389855000,3034404000,None,50652000,77735000,23243000000,300792000,488907000,71828208,1717184000,2187642000,1027561000,24881210000,1080171000,None,253630000,52326000,14389204000,4833479000,1638118000,4415875000,74128000,393012000,3098241000,None
462,AIZ,2012-12-31,8508270000,9944245000,2631594000,None,49595000,60306000,4300000,274046000,483705000,78664029,909404000,1210329000,679698000,23761241000,862767000,None,250796000,56457000,15125350000,5185366000,972399000,4001096000,69393000,412196000,2700061000,None
463,AIZ,2011-12-31,8272804000,9811959000,2428795000,None,55193000,60360000,6600000,167171000,538956000,88524374,1166713000,1608096000,855304000,22145912000,None,None,242908000,35747000,None,4873950000,972278000,3586784000,67385000,533848000,2297351000,None
464,AIZ,2010-12-31,8527722000,9980372000,2516622000,None,59017000,60646000,5700000,327898000,278607000,102000371,1150516000,1509218000,540742000,21712365000,None,None,267169000,51211000,13652547000,4633136000,972164000,3115213000,69618000,522546000,1764422000,None
465,AIZ,2009-12-31,8700501000,10196328000,2377364000,None,61772000,60669000,20009000000,279032000,430574000,116648714,1318552000,1772021000,269925000,21007418000,None,None,275420000,55885000,None,4707156000,972058000,3054466000,69596000,31949000,1231472000,None
466,WHR,2023-12-31,18998000000,18655000000,1993000000,473000000,321000000,351000000,6948000000,77000000,481000000,55000000,1570000000,1570000000,915000000,14950000000,2247000000,1529000000,2234000000,549000000,None,2362000000,7214000000,8358000000,384000000,0,7010000000,800000000
467,WHR,2022-12-31,17719000000,19351000000,1820000000,465000000,440000000,190000000,5931000000,265000000,-1519000000,54000000,1958000000,2000000000,1390000000,14788000000,2089000000,1555000000,2102000000,570000000,None,2336000000,7611000000,8261000000,390000000,903000000,7010000000,248000000
468,WHR,2021-12-31,21915000000,20189000000,2081000000,485000000,447000000,175000000,8510000000,518000000,1783000000,59000000,3044000000,3000000000,2176000000,15439000000,2717000000,3100000000,2805000000,525000000,None,4846000000,5227000000,10170000000,338000000,1041000000,6106000000,298000000
469,WHR,2020-12-31,19274000000,18346000000,1877000000,455000000,506000000,189000000,8330000000,382000000,1075000000,63000000,2924000000,2924000000,1500000000,16551000000,2301000000,3109000000,3199000000,410000000,None,3885000000,5357000000,8725000000,311000000,121000000,5065000000,298000000
470,WHR,2019-12-31,20669000000,19803000000,2142000000,541000000,518000000,187000000,8369000000,348000000,1168000000,63000000,1952000000,1952000000,1230000000,15686000000,2438000000,2198000000,3301000000,532000000,None,3195000000,4699000000,7870000000,305000000,148000000,4975000000,559000000
471,WHR,2018-12-31,20845000000,21328000000,2189000000,572000000,570000000,192000000,9678000000,138000000,-183000000,64000000,1498000000,1500000000,1229000000,16056000000,2533000000,2210000000,3414000000,590000000,None,2291000000,4993000000,6933000000,306000000,1153000000,4827000000,947000000
472,WHR,2017-12-31,21253000000,17651000000,2112000000,596000000,575000000,162000000,8505000000,550000000,350000000,71000000,1196000000,1196000000,1264000000,15840000000,2988000000,2665000000,4033000000,684000000,None,4198000000,4768000000,7352000000,312000000,750000000,3674000000,376000000
473,WHR,2016-12-31,20718000000,17026000000,2080000000,604000000,584000000,161000000,7662000000,186000000,888000000,74000000,1085000000,1085000000,1203000000,14380000000,2623000000,2711000000,3810000000,660000000,None,4773000000,4436000000,7314000000,294000000,525000000,2924000000,560000000
474,WHR,2015-12-31,20891000000,17231000000,2143000000,579000000,594000000,165000000,7744000000,209000000,783000000,77000000,772000000,772000000,1225000000,14267000000,2619000000,2530000000,3774000000,689000000,None,4743000000,3978000000,6722000000,269000000,250000000,2399000000,508000000
475,WHR,2014-12-31,19872000000,16477000000,2038000000,563000000,527000000,165000000,8403000000,189000000,650000000,78000000,1026000000,1026000000,1479000000,15117000000,2740000000,2768000000,3981000000,720000000,None,4885000000,3778000000,6209000000,224000000,25000000,2149000000,234000000
476,WHR,2013-12-31,18769000000,15471000000,1828000000,582000000,515000000,177000000,6794000000,68000000,827000000,77000000,1380000000,1380000000,1262000000,10620000000,2408000000,2005000000,3041000000,578000000,None,4924000000,2453000000,5784000000,187000000,350000000,2124000000,607000000
477,WHR,2012-12-31,18143000000,15250000000,1757000000,553000000,521000000,199000000,6510000000,133000000,401000000,79000000,1168000000,1168000000,696000000,11136000000,2354000000,2038000000,3034000000,476000000,None,4260000000,2454000000,5147000000,155000000,0,1777000000,510000000
478,WHR,2011-12-31,18666000000,16089000000,1621000000,578000000,530000000,213000000,6297000000,-436000000,390000000,76000000,1109000000,1109000000,530000000,11000000000,2354000000,2105000000,3102000000,608000000,None,4181000000,2490000000,4922000000,148000000,0,1822000000,361000000
479,WHR,2010-12-31,18141000000,17885000000,1604000000,532000000,527000000,225000000,6149000000,-64000000,619000000,76000000,1368000000,1368000000,1078000000,11358000000,2792000000,2278000000,3134000000,593000000,None,4226000000,2507000000,4680000000,132000000,None,1823000000,312000000
480,NCLH,2023-12-31,7787023000,7619013000,1341858000,None,None,727500000,6038701000,-3002000,166178000,425546570,402415000,402415000,2005714000,19192183000,157646000,280271000,16433292000,2750362000,None,300807000,15244778000,-6900137000,346857000,None,None,1744778000
481,NCLH,2022-12-31,3910761000,6395517000,1379105000,None,None,801500000,5054851000,-6794000,-2269909000,421413565,946987000,946987000,210020000,18489103000,148717000,326272000,14516366000,1783857000,None,68591000,12891128000,-7066315000,15720000,None,None,991128000
482,NCLH,2021-12-31,647986000,3200334000,891452000,None,690000000,2100000000,3730432000,5267000,-4506587000,416891915,1506647000,1746647000,-2468009000,16297187000,118205000,1167473000,13528806000,752843000,None,2432650000,13376890000,-4796406000,2604458000,None,None,876890000
483,NCLH,2020-12-31,1162118000,5415244000,745345000,None,707900000,482300000,1913903000,12467000,-4012514000,315636032,3300482000,3300482000,-2556243000,14045212000,82381000,20578000,13411226000,946545000,None,4354105000,1552480000,-295449000,6080647000,None,None,119742000
484,NCLH,2019-12-31,6185140000,6408156000,974850000,None,627700000,272900000,3584390000,-18863000,930228000,213082411,252876000,252876000,1822605000,10169020000,95427000,75109000,13135337000,1637170000,None,6515579000,7704158000,3829068000,31937000,349860000,1253926000,746358000
485,NCLH,2018-12-31,5758580000,5917171000,897929000,None,534900000,270400000,3150500000,14467000,954843000,217650644,163851000,163851000,2075171000,9242969000,90202000,55249000,12119253000,1566796000,27000,5963001000,7283118000,2898840000,None,664811000,904066000,681218000
486,NCLH,2017-12-31,5396175000,5189837000,773755000,None,478700000,267800000,2490021000,10742000,759872000,228528562,176190000,176190000,1601247000,8345103000,82121000,43961000,11040488000,1372214000,None,5749766000,7067973000,1963128000,None,None,239255000,619373000
487,NCLH,2016-12-31,4874340000,4760740000,666156000,None,411400000,276900000,2312818000,7218000,633085000,227243976,128347000,128347000,1264087000,8436185000,66255000,63215000,10117689000,1092091000,None,4537726000,7085893000,1201103000,3760666000,49999000,239255000,560193000
488,NCLH,2015-12-31,4345048000,4374954000,554999000,None,None,221900000,2366519000,6772000,427137000,227815301,115937000,115937000,2081307000,8483877000,58173000,44996000,9458805000,1122734000,None,3780880000,6397537000,568018000,1924936000,107256000,189256000,629840000
489,NCLH,2014-12-31,3125881000,3132864000,403169000,None,None,151800000,2086599000,-2267000,338352000,227630430,84824000,84824000,635601000,7950183000,56555000,32432000,8623773000,1051974000,None,3518813000,6080023000,140881000,37043000,82000000,82000000,576947000
490,NCLH,2013-12-31,2570294000,2681731000,301155000,None,None,282602000,1075488000,11802000,101714000,205160340,56467000,56467000,475281000,4019712000,43715000,18260000,5647670000,894851000,None,2631266000,3432975000,-197471000,116694000,None,-2631266000,286575000
491,GNRC,2023-12-31,3925040000,3467167000,701135000,173443000,62408000,97627000,880771000,73180000,214606000,60401393,200994000,200994000,521670000,2743693000,1167484000,537316000,598577000,129060000,None,2340252000,1422140000,2519313000,0,251513000,1032921000,42110000
492,GNRC,2022-12-31,4496168000,3851931000,691121000,159774000,52821000,54826000,992044000,99596000,399502000,62027545,132723000,132723000,58516000,2799736000,1405384000,522458000,467604000,86188000,None,2257381000,1354398000,2316224000,309000,345840000,808491000,10083000
493,GNRC,2021-12-31,3703400000,2914932000,463292000,104303000,42155000,32953000,1155907000,134957000,550494000,62992133,147339000,147339000,411156000,2605643000,1089705000,546466000,440852000,109992000,None,2213774000,1748846000,1965957000,0,125992000,448976000,1721000
494,GNRC,2020-12-31,2452209000,1928430000,366017000,80251000,36493000,32991000,641524000,98973000,350576000,62388940,655128000,655128000,486533000,1779012000,603317000,374906000,343936000,62128000,None,1390293000,818452000,1432565000,0,0,332164000,1836000
495,GNRC,2019-12-31,2161866000,1766310000,328551000,68394000,32265000,41544000,497064000,67299000,252007000,62072444,322883000,322883000,308887000,1571591000,522024000,319538000,316976000,60802000,None,1032382000,814188000,1084383000,285000,0,324551000,553000
496,GNRC,2018-12-31,1981176000,1616264000,295728000,50019000,25296000,40956000,560706000,69856000,238257000,61668673,224482000,224482000,247227000,1604049000,544750000,326133000,278929000,47601000,8307000,760549000,863337000,831123000,314000,25656000,321473000,1075000
497,GNRC,2017-12-31,1629778000,1379233000,259267000,42869000,23127000,42667000,396423000,44142000,157808000,61878395,138472000,138472000,257322000,1427716000,387049000,280002000,230380000,33261000,4356000,554041000,905926000,610836000,0,30012000,294005000,936000
498,GNRC,2016-12-31,1399311000,1203689000,239307000,37163000,21465000,44568000,341939000,56519000,97154000,63103765,67272000,67272000,241122000,1427434000,349731000,241857000,212793000,30467000,None,401122000,903673000,456052000,76000,149937000,262402000,14399000
499,GNRC,2015-12-31,1269602000,1106011000,183189000,32922000,16742000,42843000,213224000,45236000,77747000,66456767,115857000,115857000,188619000,1312764000,325375000,182185000,184213000,30651000,None,465871000,937060000,358173000,1436000,99942000,111516000,500000
500,GNRC,2014-12-31,1411044000,1141323000,175203000,31494000,13706000,47215000,240522000,83749000,174613000,68618765,189761000,189761000,252986000,1392743000,319385000,189107000,168821000,34689000,None,489799000,1080599000,280426000,902000,None,8341000,389000
501,GNRC,2013-12-31,1415624000,1108813000,163005000,29271000,10955000,54435000,250845000,104177000,174539000,68246413,150147000,156792000,259944000,1481134000,300253000,-2658000,146390000,30770000,None,317071000,1197000000,105813000,343429000,None,6571000,12286000
502,GNRC,2012-12-31,1112623000,932475000,147479000,23499000,8293000,49114000,294859000,63129000,93223000,68295960,108023000,108023000,235594000,1140219000,225817000,-1166000,104718000,22392000,None,463628000,881268000,-63792000,404332000,None,0,82250000
503,GNRC,2011-12-31,768248000,665380000,107788000,16476000,8103000,23718000,165390000,-237677000,324643000,67652812,93126000,93126000,169712000,783904000,162124000,-789000,84384000,12060000,None,768889000,604372000,-157015000,0,None,None,22874000
504,IVZ,2023-12-31,5648200000,3901000000,553800000,None,132900000,70500000,1254600000,-69700000,-333700000,449500000,1469200000,1469200000,1300800000,13017800000,1931600000,None,599500000,164300000,631800000,14597600000,1489500000,6826700000,357900000,187500000,3002600000,None
505,IVZ,2022-12-31,5965300000,2429400000,495100000,None,131500000,85200000,668700000,322200000,683900000,454800000,1234700000,1234700000,703200000,12914600000,1,None,561100000,192900000,621200000,15213600000,1487600000,7518300000,334800000,244700000,3040900000,None
506,IVZ,2021-12-31,6805000000,2717300000,522700000,None,142400000,94700000,1985400000,531100000,1393000000,461200000,1896400000,1896400000,1078100000,16006800000,3055300000,None,518100000,108800000,550100000,15495800000,2085100000,7169200000,307700000,None,3043600000,None
507,IVZ,2020-12-31,6016100000,2712300000,564100000,None,141000000,129300000,309000000,261600000,524800000,459100000,1408400000,1408400000,1230300000,21483400000,1,None,563800000,115000000,426100000,14361800000,2082600000,6085000000,357400000,None,3253800000,None
508,IVZ,2019-12-31,5973000000,2326800000,439900000,None,124900000,135700000,911100000,235100000,564700000,453300000,1049000000,1049000000,1116600000,24718500000,None,None,583500000,124300000,350800000,13862500000,2080300000,5917800000,529100000,110800000,3452500000,None
509,IVZ,2018-12-31,5314100000,1996100000,359600000,None,112400000,111500000,581400000,255000000,882800000,397100000,1147700000,1430900000,828800000,21646000000,127100000,None,468700000,102500000,296300000,8578800000,2408800000,5884500000,490600000,0,3003600000,None
510,IVZ,2017-12-31,5160300000,701200000,489200000,None,99400000,94800000,320100000,268200000,1127300000,407100000,2006400000,2353000000,1157800000,22470000000,124400000,None,490700000,111700000,283500000,8696100000,2075800000,5489100000,471600000,63800000,2781900000,6875600000
511,IVZ,2016-12-31,4734400000,630100000,446300000,None,87300000,93400000,10184300000,338300000,854200000,403800000,1328000000,1657600000,654000000,17838800000,116900000,None,464700000,147700000,284800000,7503800000,2102400000,4833400000,460400000,535000000,2845800000,6505500000
512,IVZ,2015-12-31,5122900000,606600000,477100000,None,83000000,81700000,8137800000,398000000,968100000,417500000,1851400000,2254100000,1128400000,16210200000,121200000,None,426900000,124500000,358500000,7885300000,2072800000,4439600000,454500000,623700000,2404100000,7509800000
513,IVZ,2014-12-31,5147100000,636600000,508600000,None,76800000,73100000,3852600000,390600000,988100000,429900000,1514200000,1777400000,1200400000,11164700000,132100000,None,402600000,133200000,336700000,8326000000,1576800000,3926000000,424000000,269600000,1898100000,6726400000
514,IVZ,2013-12-31,4644600000,825600000,409900000,None,71300000,44600000,35700000,336900000,940300000,433100000,1331200000,1331200000,780200000,10293200000,108800000,None,350800000,88200000,313800000,8392600000,1588600000,3361900000,379700000,470500000,1700400000,None
515,IVZ,2012-12-31,4050400000,831400000,410200000,None,65400000,52300000,2713000000,261400000,677100000,441400000,835500000,1199400000,819300000,8443400000,1242300000,449400000,349600000,99300000,246800000,8316800000,1186000000,2801300000,289000000,265000000,1382900000,0
516,IVZ,2011-12-31,3982300000,640200000,381400000,None,60300000,61800000,2974400000,280000000,729700000,446000000,727400000,1011100000,964800000,10209400000,79900000,424400000,312800000,107000000,200800000,8119100000,1284700000,2413200000,220900000,436500000,1280400000,215100000
517,IVZ,2010-12-31,3487700000,828100000,421800000,None,46400000,58600000,3264500000,197000000,465700000,460100000,740500000,1049300000,379200000,11083200000,94400000,424700000,272400000,89600000,164400000,8264600000,1339300000,1904400000,197900000,192200000,991500000,0
518,IVZ,2009-12-31,2627300000,498800000,275700000,None,None,64500000,2298400000,148200000,322500000,431400000,762000000,944400000,362700000,3288800000,115300000,289300000,220700000,39500000,157400000,6912900000,745700000,1631400000,168900000,0,892400000,0
519,CMA,2023-12-31,3939000000,2448000000,263000000,None,None,1661000000,3565000000,263000000,881000000,132000000,9502000000,9526000000,1251000000,79428000000,-6546000000,None,445000000,153000000,17268000000,6406000000,6206000000,11727000000,371000000,17000000,6032000000,4564000000
520,CMA,2022-12-31,3601000000,2058000000,341000000,None,None,206000000,3211000000,325000000,1151000000,131000000,6282000000,6301000000,638000000,80225000000,None,None,400000000,82000000,19169000000,5181000000,3024000000,11258000000,353000000,43000000,6090000000,3211000000
521,CMA,2021-12-31,3393000000,1477000000,302000000,None,None,57000000,877000000,322000000,1168000000,132000000,22679000000,22695000000,634000000,86719000000,-23019000000,None,454000000,70000000,17183000000,7897000000,2796000000,10494000000,369000000,729000000,6095000000,877000000
522,CMA,2020-12-31,2426000000,2321000000,279000000,None,None,182000000,905000000,124000000,474000000,139000000,15767000000,15777000000,928000000,80079000000,-16102000000,None,459000000,79000000,51343000000,8050000000,5728000000,9727000000,375000000,199000000,5461000000,905000000
523,CMA,2019-12-31,3376000000,1817000000,291000000,None,None,468000000,71000000,336000000,1198000000,144000000,5818000000,5973000000,1090000000,66075000000,-5980000000,None,457000000,86000000,49732000000,7327000000,7269000000,9538000000,402000000,1394000000,5291000000,71000000
524,CMA,2018-12-31,3448000000,1793000000,305000000,None,None,267000000,44000000,300000000,1235000000,162000000,4561000000,4695000000,1616000000,63311000000,1000000,None,475000000,90000000,49492000000,7507000000,6463000000,8781000000,263000000,1338000000,3954000000,44000000
525,CMA,2017-12-31,3154000000,1934000000,1170000000,None,None,121000000,10000000,491000000,743000000,171000000,5845000000,5941000000,1085000000,63604000000,5000000,None,466000000,69000000,49727000000,7963000000,4622000000,7887000000,180000000,560000000,2736000000,10000000
526,CMA,2016-12-31,2627000000,2178000000,1220000000,None,None,112000000,25000000,193000000,477000000,169000000,7218000000,7310000000,486000000,65182000000,17000000,None,501000000,95000000,49940000000,7796000000,5160000000,7331000000,152000000,320000000,2428000000,25000000
527,CMA,2015-12-31,2609000000,1989000000,1239000000,None,None,95000000,23000000,229000000,521000000,176000000,6147000000,6260000000,865000000,64317000000,12000000,None,550000000,119000000,50431000000,7560000000,3058000000,7084000000,147000000,240000000,2409000000,659000000
528,CMA,2014-12-31,2510000000,1653000000,1267000000,None,None,95000000,116000000,277000000,593000000,179000000,6071000000,6170000000,639000000,61784000000,15000000,None,532000000,70000000,49934000000,7402000000,2675000000,6744000000,137000000,260000000,2259000000,604000000
529,CMA,2013-12-31,2452000000,1768000000,1108000000,None,None,112000000,253000000,245000000,541000000,180000000,6451000000,6563000000,836000000,58074000000,13000000,None,594000000,102000000,44872000000,7150000000,3543000000,6318000000,123000000,291000000,2097000000,None
530,CMA,2012-12-31,2481000000,1757000000,1126000000,None,None,135000000,114000000,241000000,521000000,185000000,4534000000,4659000000,692000000,58127000000,58000000,None,622000000,None,45428000000,6942000000,4720000000,5931000000,97000000,308000000,1879000000,None
531,CMA,2011-12-31,2314000000,1915000000,1086000000,None,None,156000000,78000000,137000000,393000000,186000000,3556000000,3705000000,796000000,54140000000,128000000,None,675000000,121000000,41953000000,6868000000,4944000000,5546000000,73000000,116000000,1633000000,None
532,CMA,2010-12-31,1955000000,2120000000,1031000000,None,None,207000000,130000000,55000000,277000000,173026000,2083000000,2224000000,1286000000,47874000000,135000000,None,630000000,92000000,39335000000,5793000000,6138000000,5247000000,34000000,4000000,1565000000,None
533,MHK,2023-12-31,11044209000,11582436000,2119716000,None,598874000,77514000,3145914000,84862000,-439516000,71024000,642550000,642550000,1329229000,5930733000,2551853000,1874656000,4993166000,612929000,None,7623071000,2714518000,6970244000,None,0,215397000,1001715000
534,MHK,2022-12-31,11671344000,11608757000,2003438000,None,564255000,51938000,3070285000,158110000,25247000,70875000,509623000,667623000,669153000,6102518000,2793765000,1904786000,4661178000,580742000,None,8011509000,1978563000,7409760000,None,307572000,215491000,840571000
535,MHK,2021-12-31,11133243000,9923275000,1933723000,None,558818000,57252000,2946355000,256445000,1033159000,72952000,268895000,591895000,1309119000,5796301000,2391672000,1839985000,4636865000,676120000,None,8421425000,1700282000,7692064000,None,900334000,215547000,624503000
536,MHK,2020-12-31,9486859000,9076866000,1794688000,None,574095000,52379000,2371248000,68647000,515595000,77624000,768625000,1340366000,1769839000,5786593000,1913020000,1709493000,4591229000,425557000,None,8534316000,2356887000,7559191000,None,188625000,215648000,377255000
537,MHK,2019-12-31,9935830000,9325323000,1848819000,None,544733000,41272000,2712583000,4974000,744211000,71038000,134785000,177285000,1418761000,5260232000,2282328000,1526619000,4698917000,545462000,None,8119841000,1518388000,7232337000,1000,100080000,215712000,1051498000
538,MHK,2018-12-31,9935399000,8978044000,1742744000,None,487411000,38827000,3266239000,184346000,861704000,73855000,119050000,119050000,1181344000,5659064000,2287615000,1606159000,4699902000,794110000,None,7433814000,1515601000,6588197000,None,274144000,215745000,1742373000
539,MHK,2017-12-31,9447481000,8208481000,1642241000,None,408646000,31111000,2655355000,343165000,971638000,74438000,84884000,84884000,1193595000,4998381000,1948663000,1558159000,4270790000,905998000,None,7059162000,1559895000,6004506000,None,0,215766000,1203683000
540,MHK,2016-12-31,8913509000,7805057000,1532882000,None,366233000,40547000,2718320000,307559000,930362000,74164000,121665000,121665000,1345289000,4423413000,1675751000,1376151000,3370348000,672125000,None,5776451000,1128747000,5032914000,None,0,215791000,1382738000
541,MHK,2015-12-31,7988175000,7296991000,1573120000,None,328486000,71086000,3259028000,131875000,615302000,73912000,81692000,81692000,929152000,5051585000,1607256000,1257505000,3147118000,503657000,None,4854173000,1188964000,4102707000,None,None,215795000,2003003000
542,MHK,2014-12-31,7664262000,7071871000,1381396000,None,315840000,98207000,1946724000,131637000,531965000,72906000,97877000,97877000,662188000,3862731000,1543313000,1081963000,2703210000,561804000,None,4418006000,1402135000,3487079000,1087000,None,239450000,851305000
543,MHK,2013-12-31,7245716000,6897562000,1373878000,None,276432000,92246000,1320811000,78385000,348786000,72691000,54066000,54066000,525163000,4023871000,1572325000,1062875000,2701743000,366550000,None,4461057000,2132790000,2953809000,None,None,239234000,127218000
544,MHK,2012-12-31,5708485000,5484499000,1110550000,None,217393000,74713000,828649000,53599000,250258000,69096000,477672000,477672000,587590000,2584067000,1133736000,679473000,1692852000,208294000,None,3719617000,1327729000,2605023000,423000,None,323462000,55213000
545,MHK,2011-12-31,5540798000,5349925000,1101337000,None,220580000,101617000,1101346000,21649000,173922000,68769000,311945000,311945000,300993000,2756720000,1113630000,686165000,1712154000,275573000,None,3415785000,1586439000,2354765000,4764000,None,323548000,386255000
546,MHK,2010-12-31,5193435000,5017244000,1088431000,None,218649000,133151000,1048914000,2713000,185471000,68611000,354217000,382171000,319712000,2791929000,1007503000,614473000,1687124000,156180000,None,3271556000,2087781000,2180843000,3472000,None,323626000,350588000
547,OGN,2023-12-31,6263000000,4586000000,1893000000,528000000,120000000,527000000,2918000000,-350000000,1023000000,255626000,693000000,693000000,2035000000,12128000000,1315000000,1744000000,1183000000,253000000,None,-70000000,8760000000,443000000,294000000,None,None,9000000
548,OGN,2022-12-31,6174000000,4151000000,1704000000,578000000,96000000,422000000,2512000000,205000000,917000000,254370000,706000000,706000000,1636000000,11847000000,1003000000,1475000000,1018000000,320000000,None,-892000000,8913000000,-331000000,290000000,None,None,8000000
549,OGN,2021-12-31,6304000000,4163000000,1668000000,443000000,92000000,258000000,2597000000,178000000,1351000000,253550029,737000000,737000000,4777000000,12189000000,915000000,1382000000,973000000,384000000,None,-1508000000,9134000000,-998000000,145000000,None,None,9000000
550,ALK,2023-12-31,10426000000,7900000000,1330000000,None,None,121000000,4459000000,88000000,235000000,126090353,281000000,1791000000,1050000000,10500000000,116000000,383000000,8388000000,1691000000,None,4113000000,2471000000,4535000000,None,137000000,819000000,289000000
551,ALK,2022-12-31,9646000000,8056000000,1395000000,None,None,108000000,4493000000,21000000,58000000,127533916,338000000,2417000000,1418000000,10370000000,104000000,296000000,7257000000,1879000000,None,3816000000,2159000000,4300000000,None,0,674000000,276000000
552,ALK,2021-12-31,6176000000,5381000000,1085000000,None,None,128000000,3991000000,151000000,478000000,125905864,470000000,3116000000,1030000000,10150000000,62000000,546000000,6138000000,418000000,None,3801000000,2539000000,4242000000,None,0,674000000,366000000
553,ALK,2020-12-31,3566000000,4991000000,908000000,None,None,98000000,4293000000,-516000000,-1324000000,124217590,1370000000,3346000000,-234000000,11058000000,57000000,480000000,6211000000,261000000,None,2988000000,3495000000,3764000000,45000000,31000000,674000000,1138000000
554,ALK,2019-12-31,8781000000,6406000000,1252000000,None,None,78000000,3201000000,247000000,769000000,123000307,221000000,1521000000,1722000000,8662000000,72000000,323000000,6902000000,874000000,2000000,4331000000,1499000000,5133000000,173000000,75000000,643000000,235000000
555,ALK,2018-12-31,8264000000,6234000000,1207000000,None,None,91000000,2942000000,148000000,437000000,123194430,105000000,1236000000,1195000000,7161000000,60000000,366000000,6781000000,1065000000,7000000,3751000000,2103000000,4534000000,158000000,50000000,568000000,486000000
556,ALK,2017-12-31,7894000000,5418000000,2924000000,None,None,103000000,2686000000,199000000,960000000,123060638,194000000,1621000000,1590000000,7286000000,57000000,341000000,6284000000,1122000000,8000000,3460000000,2569000000,4193000000,148000000,75000000,518000000,307000000
557,ALK,2016-12-31,5925000000,3491000000,1983000000,None,None,55000000,2535000000,519000000,797000000,123328051,328000000,1580000000,1386000000,7218000000,47000000,302000000,5666000000,731000000,None,2744000000,2964000000,3568000000,136000000,193000000,443000000,319000000
558,ALK,2015-12-31,0,3283000000,1815000000,None,None,42000000,1805000000,464000000,848000000,125175325,73000000,1328000000,1584000000,4119000000,51000000,212000000,4802000000,910000000,None,2411000000,683000000,2890000000,102000000,505000000,250000000,114000000
559,ALK,2014-12-31,0,3572000000,1672000000,None,None,48000000,1671000000,370000000,605000000,131481473,107000000,1217000000,1030000000,3937000000,58000000,259000000,4299000000,825000000,None,2127000000,803000000,2144000000,68000000,348000000,4000000,117000000
560,ALK,2013-12-31,0,3134000000,1583000000,None,None,56000000,1580000000,308000000,508000000,68745953,80000000,1330000000,981000000,3809000000,60000000,152000000,3893000000,645000000,4000000,2029000000,871000000,1607000000,28000000,159000000,2000000,117000000
561,ALK,2012-12-31,0,3394000000,1497000000,None,None,64000000,1501000000,198000000,316000000,70376543,122000000,1252000000,753000000,4084000000,58000000,130000000,3609000000,637000000,39000000,1421000000,1032000000,1127000000,49000000,60000000,0,161000000
562,ALK,2011-12-31,0,3215100000,1456800000,None,None,87000000,1510000000,149000000,245000000,35500000,102000000,1141000000,696000000,3993000000,44000000,136000000,3373000000,565900000,70200000,1174000000,1307000000,811000000,106500000,80000000,125000000,208000000
563,ALK,2010-12-31,3738300000,1125400000,153800000,None,None,108000000,1424700000,155000000,251000000,36023000,90000000,1208200000,553000000,3910600000,45100000,120100000,3148400000,183000000,None,1106000000,1534200000,566100000,None,45000000,46000000,221200000
564,ZION,2023-12-31,620000000,2097000000,495000000,None,None,1509000000,4379000000,206000000,680000000,148153000,716000000,2204000000,885000000,81512000000,-1045000000,None,1397000000,113000000,21048000000,5691000000,542000000,6212000000,282000000,51000000,None,1525000000
565,ZION,2022-12-31,614000000,1979000000,448000000,None,None,185000000,10417000000,245000000,907000000,148664000,657000000,1997000000,1470000000,84652000000,3000000,None,1404000000,190000000,24636000000,4893000000,651000000,5811000000,269000000,202000000,None,7100000000
566,ZION,2021-12-31,575000000,1483000000,246000000,None,None,59000000,903000000,317000000,1129000000,151625000,595000000,10878000000,629000000,85737000000,-13617000000,None,1319000000,206000000,25712000000,7463000000,1012000000,5175000000,261000000,800000000,None,None
567,ZION,2020-12-31,549000000,2089000000,227000000,None,None,152000000,1572000000,133000000,539000000,164090000,543000000,1617000000,719000000,73593000000,-7906000000,None,1209000000,171000000,17531000000,7886000000,1336000000,4309000000,259000000,76000000,None,None
568,ZION,2019-12-31,525000000,1779000000,226000000,None,None,411000000,2053000000,237000000,816000000,165057000,705000000,1448000000,697000000,61819000000,-2122000000,None,1142000000,117000000,50015000000,7353000000,1723000000,4009000000,260000000,1102000000,None,1000000000
569,ZION,2018-12-31,508000000,1638000000,295000000,None,None,251000000,1000000,259000000,884000000,187554000,614000000,1233000000,1176000000,61168000000,4000000,None,1124000000,129000000,48132000000,7578000000,724000000,3456000000,236000000,672000000,None,1000000
570,ZION,2017-12-31,2585000000,1666000000,1277000000,None,None,127000000,1000000,344000000,592000000,197532000,548000000,1478000000,928000000,58609000000,4000000,None,1094000000,169000000,45483000000,7679000000,383000000,2807000000,129000000,321000000,None,1000000
571,ZION,2016-12-31,2290182000,1668122000,1249841000,None,None,87000000,1200000,236000000,469050000,203085100,2148179000,2262982000,596000000,55605000000,-31000,None,1020000000,195663000,43138084000,7634000000,535000000,2321000000,65000,97000000,None,1200000
572,ZION,2015-12-31,2052345000,1634283000,1230476000,None,None,118000000,1200000,142000000,309471000,204417093,6906443000,6954611000,464000000,52157024000,-334000,None,905462000,157361000,41041518000,7507519000,812366000,1966910000,56000,7000000,None,1200000
573,ZION,2014-12-31,2286715000,1558581000,1222440000,None,None,172998000,1200000,222961000,398462000,203014903,8020039000,8090640000,380341000,49839344000,-26000,None,829809000,175799000,40457807000,7369530000,1092282000,1769705000,43000,5589000,None,1200000
574,ZION,2013-12-31,2120871000,1627303000,936280000,None,None,245077000,268742000,142977000,263791000,184677696,9350131000,9350131000,835107000,49566564000,-71000,None,726372000,88580000,39324044000,6464563000,2273575000,1473670000,41000,None,None,1700000
575,ZION,2012-12-31,2137583000,1610244000,911381000,None,None,306782000,322478000,193416000,349516000,184199198,7820885000,7820885000,736195000,49463277000,-487000,None,708882000,68894000,37974424000,6052069000,2337113000,1203815000,15000,None,None,1700000
576,ZION,2011-12-31,2179962000,1733096000,959357000,None,None,432396000,73336000,198583000,323804000,184135388,8245245000,8245245000,1068748000,46165881000,354768000,None,719276000,77669000,None,6985308000,1954462000,1036590000,11000,None,None,None
577,ZION,2010-12-31,1315713000,2571019000,850164000,None,None,592456000,166394000,-106819000,-292728000,182784086,5500134000,5500134000,1471630000,44387672000,505863000,None,720985000,79071000,36671320000,6648279000,1942622000,889284000,109316000,None,None,None
578,SEE,2023-12-31,5488900000,3847600000,759100000,96900000,None,263000000,1509000000,90400000,341600000,144467719,346100000,346100000,516200000,6651100000,774300000,581700000,1416400000,400000,None,549500000,4593400000,496500000,117900000,79900000,436400000,29000000
579,SEE,2022-12-31,5641900000,3869000000,786200000,102500000,None,162300000,2081800000,238000000,491600000,144672113,456100000,456100000,613300000,5870600000,866300000,736900000,1275900000,9700000,None,344100000,3695300000,3163400000,118500000,280200000,4019100000,426400000
580,SEE,2021-12-31,5533800000,3852900000,772400000,99800000,147600000,167800000,2007300000,225000000,506800000,148099157,561000000,561000000,709700000,5980600000,725700000,732800000,1232000000,8200000,None,248700000,3730900000,2790700000,115600000,403100000,3754700000,487200000
581,SEE,2020-12-31,4903200000,3293900000,773700000,95900000,136600000,174400000,1367400000,142100000,502900000,154889772,548700000,548700000,737000000,5911300000,596700000,681700000,1189700000,400000,None,172500000,3780100000,2400700000,100400000,33000000,3380900000,22300000
582,SEE,2019-12-31,4791100000,3226300000,913300000,77300000,122000000,184100000,1436200000,76600000,263000000,154512813,262400000,262400000,511100000,5961400000,570300000,669600000,1141900000,3400000,None,-196200000,3747600000,1998500000,99100000,67300000,3382400000,16700000
583,SEE,2018-12-31,4732700000,3230600000,782300000,80800000,115900000,177900000,1488600000,307500000,193100000,155654370,271700000,271700000,428000000,5398800000,544900000,613100000,1036200000,1000000,None,-348600000,3265700000,1835500000,104100000,582600000,3336500000,4900000
584,SEE,2017-12-31,4461600000,3049500000,815600000,91800000,107000000,184200000,1378200000,330500000,814900000,168595521,594000000,594000000,424400000,5128000000,506800000,727700000,998400000,21300000,None,152300000,3262300000,1735200000,119700000,1302100000,2700600000,2200000
585,SEE,2016-12-31,4211300000,2810300000,754300000,88000000,88200000,191900000,2119000000,95600000,486400000,193482383,333700000,363700000,906900000,6805800000,456700000,1053200000,889600000,123500000,None,609700000,4303200000,1040000000,121600000,217000000,1478100000,297000000
586,SEE,2015-12-31,4410300000,2955100000,778000000,85000000,89100000,211000000,1807100000,132600000,335400000,196013299,321700000,1000000,967700000,6877900000,660800000,905900000,945700000,52000000,None,527100000,4356300000,675200000,106800000,802000000,1265700000,46600000
587,SEE,2014-12-31,7750500000,5062900000,1841300000,134600000,147800000,287700000,1727200000,9100000,258100000,210531894,248700000,322600000,-12800000,6790400000,688500000,200000,943000000,28000000,None,1162800000,600000,448500000,110900000,184000000,481400000,1000000
588,SEE,2013-12-31,7690800000,5100900000,1750200000,133000000,160200000,361000000,2700800000,84900000,125800000,196198672,982400000,992400000,15600000,7759700000,730200000,1126400000,1134500000,11000000,None,1414900000,4346700000,276400000,102000000,None,327600000,201500000
589,SEE,2012-12-31,7561000000,5038700000,1756700000,135000000,167500000,1700000,2335000000,-264700000,-3017800000,194557669,679600000,679600000,397000000,7887400000,728900000,1326000000,1194200000,0,None,1443800000,4591200000,279000000,100900000,None,353400000,1800000
590,SEE,2011-12-31,5467300000,3886700000,1004400000,105000000,144300000,216600000,2506200000,16000000,152300000,192062185,703600000,722800000,392100000,8479600000,798100000,1314200000,1269200000,124500000,None,2957500000,5084000000,1766500000,87400000,None,375600000,1900000
591,SEE,2010-12-31,4490100000,3237300000,699000000,88000000,None,161600000,1447700000,87500000,255900000,159305507,675600000,675600000,483100000,2997800000,495800000,697100000,948300000,87600000,None,2404600000,2700000,1706100000,79700000,9800000,362700000,6500000
592,LNC,2023-12-31,11645000000,19312000000,2390000000,None,None,336000000,250000000,-396000000,-752000000,169666137,3365000000,2665000000,-2074000000,365520000000,-52833000000,None,None,None,96418000000,6893000000,5831000000,4778000000,305000000,0,None,250000000
593,LNC,2022-12-31,18810000000,31247000000,2241000000,None,None,4000000,5450000000,367000000,1358000000,169220511,3343000000,3925000000,3609000000,329229000000,-7509000000,None,154000000,None,133049000000,5102000000,6331000000,5924000000,310000000,550000000,None,500000000
594,LNC,2021-12-31,19862000000,22565000000,2251000000,None,None,273000000,6819000000,233000000,1405000000,177193515,2612000000,4800000000,151000000,367029000000,-7413000000,None,184000000,None,123546000000,20272000000,6331000000,9096000000,319000000,1105000000,None,300000000
595,LNC,2020-12-31,17439000000,22928000000,2072000000,None,None,290000000,3986000000,-76000000,499000000,192329691,1708000000,4630000000,534000000,343249000000,-6795000000,None,257000000,None,155213000000,22699000000,6331000000,8686000000,311000000,275000000,None,250000000
596,LNC,2019-12-31,17258000000,21239000000,2210000000,None,None,339000000,3221000000,33000000,886000000,196668532,2563000000,4776000000,-2686000000,315072000000,-6987000000,None,361000000,None,134845000000,19689000000,6127000000,8854000000,303000000,550000000,None,300000000
597,LNC,2018-12-31,16424000000,18515000000,1953000000,None,None,297000000,1308000000,244000000,1641000000,205862760,2345000000,99000000,1943000000,283797000000,None,None,12000000,1821000000,116335000000,14350000000,5686000000,8551000000,289000000,900000000,None,None
598,LNC,2017-12-31,14257000000,16788000000,1766000000,None,None,253000000,1992000000,-949000000,2079000000,218090114,1628000000,3248000000,788000000,264441000000,None,None,11000000,None,114167000000,17322000000,5123000000,8399000000,262000000,725000000,None,450000000
599,LNC,2016-12-31,13330000000,13942000000,1687000000,None,None,331000000,1563000000,266000000,1192000000,226335105,2722000000,4434000000,1272000000,247149000000,None,None,24000000,None,107783000000,14478000000,5123000000,7043000000,238000000,879000000,None,None
600,LNC,2015-12-31,13572000000,14598000000,1701000000,None,None,272000000,2140000000,276000000,1154000000,243835893,3146000000,5000000000,2243000000,238291000000,None,None,17000000,None,103278000000,13617000000,5323000000,6474000000,204000000,900000000,None,6127000000
601,LNC,2014-12-31,13554000000,11253000000,1640000000,None,None,267000000,1747000000,483000000,1515000000,256551440,3919000000,3919000000,2526000000,237637000000,None,None,None,None,104016000000,15740000000,5273000000,6022000000,170000000,650000000,None,250000000
602,LNC,2013-12-31,11969000000,9656000000,1630000000,None,None,265000000,1670000000,387000000,1244000000,262896701,2364000000,2364000000,799000000,223493000000,None,None,None,None,96320000000,13452000000,5773000000,5013000000,128000000,450000000,None,None
603,LNC,2012-12-31,11535000000,8899000000,1564000000,None,None,273000000,211000000,282000000,1313000000,271402586,4230000000,4230000000,1269000000,203896000000,None,None,None,None,100080000000,14973000000,5373000000,4044000000,91000000,492000000,None,200000000
604,LNC,2011-12-31,10641000000,7612000000,1422000000,None,None,294000000,300000000,274000000,221000000,291319222,4510000000,4510000000,1276000000,188390000000,700000,None,None,None,None,13101000000,5388000000,2831000000,61000000,575000000,None,300000000
605,LNC,2010-12-31,10415000000,8228000000,1412000000,None,None,291000000,351000000,262000000,902000000,315718554,2741000000,2741000000,1720000000,181018000000,None,None,None,None,84273000000,11686000000,5614000000,3934000000,42000000,25000000,None,250000000
606,LNC,2009-12-31,8499000000,5672000000,1287000000,None,None,197000000,350000000,-106000000,-485000000,302169995,4025000000,4025000000,937000000,165733000000,200000,None,None,None,None,-262000000,5050000000,3316000000,79000000,0,None,250000000
607,NWL,2023-12-31,7824000000,8328000000,2001000000,117000000,225000000,283000000,2897000000,-155000000,-388000000,414100000,332000000,344000000,930000000,9051000000,1531000000,1195000000,1212000000,284000000,None,3112000000,4929000000,-2726000000,184000000,0,627000000,329000000
608,NWL,2022-12-31,9305000000,9151000000,2033000000,140000000,196000000,235000000,3078000000,-40000000,197000000,413600000,287000000,299000000,-272000000,9743000000,2203000000,1250000000,1182000000,312000000,None,3519000000,5508000000,-2338000000,385000000,325000000,623000000,621000000
609,NWL,2021-12-31,10336000000,9683000000,2274000000,153000000,None,256000000,3317000000,138000000,622000000,425500000,440000000,451000000,884000000,10111000000,2087000000,1500000000,1204000000,289000000,None,4158000000,4898000000,-2602000000,394000000,0,609000000,3000000
610,NWL,2020-12-31,9059000000,10087000000,2189000000,144000000,None,274000000,3621000000,-235000000,-766000000,424100000,981000000,990000000,1432000000,10800000000,1638000000,1678000000,1176000000,259000000,None,3874000000,5623000000,-3174000000,392000000,0,598000000,466000000
611,NWL,2019-12-31,9688100000,10216400000,2451000000,149000000,None,303000000,2978000000,-1038000000,107000000,423300000,349000000,358100000,1044000000,10646000000,1606000000,1841500000,1155000000,265000000,None,4963000000,5737300000,-2404200000,391000000,0,590000000,132000000
612,NWL,2018-12-31,8618500000,16459400000,2648000000,151000000,None,446000000,3303500000,-1359000000,-6942000000,451500000,495700000,495700000,680000000,12469200000,1760700000,1850700000,1226100000,384000000,None,5218400000,7061800000,-2486700000,435000000,1507000000,584700000,318700000
613,NWL,2017-12-31,14742200000,9652900000,2924100000,175000000,284000000,79900000,4907700000,-1515000000,2748800000,487900000,485700000,485700000,966200000,18954200000,1662400000,2674000000,972400000,406200000,None,14144700000,9888200000,4611200000,428600000,152400000,573500000,662800000
614,NWL,2016-12-31,13264000000,8865200000,2610600000,147000000,214000000,None,4292000000,57100000,527800000,490300000,587500000,587500000,1840400000,22453100000,2116000000,2746900000,1543400000,441400000,7500000,11348800000,11892800000,2289900000,328600000,0,545300000,601900000
615,NWL,2015-12-31,5915700000,3611100000,1573900000,112600000,93000000,88100000,1988600000,78200000,350000000,268400000,274800000,274800000,592900000,5436600000,721800000,1250700000,599200000,211400000,7700000,1822900000,3057900000,2090900000,206300000,180400000,523100000,5900000
616,NWL,2014-12-31,5727000000,3523600000,1480500000,107500000,93200000,64300000,1888600000,89100000,377800000,272800000,199400000,199400000,634100000,4712900000,708500000,1248200000,559100000,161900000,13100000,1851400000,2481900000,2111200000,182500000,363200000,493100000,6700000
617,NWL,2013-12-31,5607000000,3482100000,1399500000,102900000,99900000,62300000,1604500000,120000000,474600000,283500000,226300000,226300000,605200000,3998200000,684400000,1105100000,539600000,138200000,None,2071500000,1836400000,2242100000,174100000,470000000,477200000,800000
618,NWL,2012-12-31,5508500000,3414400000,1403500000,109600000,102900000,80400000,1570800000,161500000,401300000,289700000,183800000,183800000,618500000,4225300000,696400000,1112400000,560200000,177200000,None,1996700000,1918400000,2294900000,125900000,91500000,448000000,1200000
619,NWL,2011-12-31,5511700000,3410600000,1422300000,118500000,103900000,86200000,1660900000,21300000,125200000,291800000,170200000,170200000,561300000,4311800000,699900000,1002000000,551400000,222900000,None,1849100000,2176800000,2097300000,84900000,46100000,432800000,263900000
620,NWL,2010-12-31,5658200000,3509500000,1447800000,128800000,118000000,118400000,1665900000,5600000,292800000,293500000,139600000,139600000,582600000,4503300000,701600000,997900000,529300000,164700000,None,1902000000,2368900000,2057300000,55400000,500100000,425700000,170000000
621,DXC,2023-03-31,14430000000,15616000000,1375000000,None,519000000,200000000,5187000000,-319000000,-568000000,224010000,1858000000,1858000000,1415000000,12025000000,570000000,3441000000,1555000000,678000000,None,3497000000,3789000000,-4665000000,2000000,None,187000000,176000000
622,DXC,2022-03-31,16265000000,15122000000,1408000000,None,625000000,204000000,6853000000,405000000,718000000,242760000,2672000000,2672000000,1501000000,14764000000,652000000,3854000000,1810000000,758000000,None,5052000000,3960000000,-4450000000,13000000,None,173000000,249000000
623,DXC,2021-03-31,17729000000,19384000000,2066000000,None,754000000,361000000,8150000000,800000000,-149000000,254470000,2968000000,2968000000,124000000,16730000000,727000000,4156000000,2112000000,776000000,None,4973000000,4406000000,-5331000000,53000000,None,158000000,556000000
624,DXC,2020-03-31,19577000000,25602000000,2050000000,None,643000000,383000000,7895000000,130000000,-5369000000,253560000,3679000000,3679000000,2350000000,20877000000,646000000,4392000000,2327000000,866000000,None,4785000000,8360000000,-5177000000,214000000,None,152000000,290000000
625,DXC,2019-03-31,20753000000,4601000000,1959000000,None,820000000,334000000,9453000000,288000000,1257000000,268750000,2899000000,2899000000,1783000000,17849000000,627000000,5181000000,3179000000,952000000,None,11402000000,6718000000,478000000,210000000,None,136000000,766000000
626,DXC,2018-03-31,21733000000,23174000000,1890000000,None,709000000,320000000,9852000000,-242000000,1751000000,285620000,2593000000,2648000000,2567000000,20084000000,1077000000,5481000000,3363000000,763000000,6000000,13487000000,7147000000,1301000000,174000000,None,85000000,439000000
627,AAP,2023-12-31,11284207000,11202730000,4409125000,None,276900000,88055000,5307405000,2112000,29735000,59512000,503471000,503471000,287375000,9756598000,4857702000,800141000,1648546000,242411000,None,2519728000,1641409000,4559139000,209293000,14518000,2933286000,0
628,AAP,2022-12-31,11142914000,10471571000,4261982000,None,252800000,51060000,5420851000,139960000,464402000,59264000,270805000,269282000,736571000,9387255000,4896269000,684048000,1690139000,465561000,None,2599192000,1188283000,4665087000,336230000,618480000,2918768000,185000000
629,AAP,2021-12-31,10996289000,10190372000,4090031000,None,228800000,37791000,5180307000,189817000,616108000,62009000,601428000,601428000,1112262000,9065918000,4659018000,782785000,1528311000,352839000,None,3129454000,1034320000,4605791000,160925000,906208000,2300288000,0
630,AAP,2020-12-31,10051399000,9388214000,3731707000,None,218500000,46886000,4743915000,157994000,493021000,66361000,834992000,834992000,969688000,8280124000,4538199000,749999000,1462602000,325976000,None,3559512000,1032984000,4196634000,56347000,469691000,1394080000,None
631,AAP,2019-12-31,9707303000,9065823000,3577566000,None,206700000,39898000,4477702000,150850000,486896000,69232000,418665000,418665000,866909000,7699444000,4432168000,689469000,1433213000,299229000,0,3549081000,747320000,3772848000,17185000,498435000,924389000,0
632,AAP,2018-12-31,9575554000,9062246000,3615138000,None,201600000,56588000,3885950000,131417000,423847000,72460000,896527000,896527000,811028000,5489835000,4362547000,624972000,1368985000,206703000,0,3550813000,1074210000,3326155000,17819000,281354000,425954000,210000
633,AAP,2017-12-31,9369784000,8880117000,3514837000,None,206900000,58801000,3480097000,44754000,475505000,73936000,546937000,546937000,600805000,5067105000,4168492000,606357000,1394138000,200984000,0,3415196000,1109350000,2920096000,17854000,6498000,144600000,350000
634,AAP,2016-12-31,9567679000,8855338000,3468317000,None,215981000,59910000,3676046000,279213000,459622000,73749000,135178000,135178000,523303000,5398841000,4325868000,641252000,1446340000,272594000,0,2916192000,1118306000,2462935000,17738000,18393000,138102000,306000
635,AAP,2015-12-31,9729588000,9027780000,3596992000,None,223728000,65408000,3797477000,279490000,473398000,73314000,90782000,90782000,702644000,5667053000,4174768000,597788000,1434577000,248276000,0,2460648000,1262598000,2021077000,17649000,6665000,119709000,598000
636,AAP,2014-12-31,9770453000,9086698000,3601903000,None,235040000,73408000,3654416000,287569000,493825000,73074000,104671000,104671000,708991000,5959446000,3936955000,579825000,1432030000,997335000,0,2002912000,1728582000,1565341000,17580000,5154000,113044000,582000
637,AAP,2013-12-31,6449614000,5825522000,2591828000,None,199821000,36618000,2764785000,234640000,391758000,72840000,1112471000,1112471000,545250000,4048569000,2556557000,277595000,1283970000,236292000,None,1516205000,1053584000,1089112000,17574000,80795000,107890000,916000
638,AAP,2012-12-31,6163863000,5545814000,2440721000,None,185909000,33841000,2559638000,236404000,387670000,73383000,598111000,598111000,685281000,3403120000,2308609000,229866000,1291759000,282308000,None,1210694000,605088000,714900000,17596000,27095000,27095000,627000
639,AAP,2011-12-31,6140774000,5505158000,2404648000,None,174219000,30949000,2187875000,238554000,394682000,72799000,57901000,57901000,828849000,2807840000,2043158000,140007000,1223099000,282137000,None,847914000,415984000,1989629000,18554000,631149000,1644767000,848000
640,AAP,2011-12-31,6140774000,5505158000,2404648000,None,174219000,30949000,1848049000,238554000,394682000,81956000000,59209000,59209000,828849000,2314843000,1863870000,124227000,1143170000,282137000,None,1039374000,301824000,1612927000,18554000,631149000,1028612000,973000
641,AAP,2011-12-31,5901063000,5339528000,2376382000,None,163378000,26861000,2187875000,211002000,346053000,72799000,57901000,57901000,666159000,2807840000,2043158000,140007000,1223099000,204460000,None,847914000,415984000,1989629000,18554000,622442000,1644767000,848000
642,AAP,2011-12-31,5901063000,5339528000,2376382000,None,163378000,26861000,1848049000,211002000,346053000,81956000000,59209000,59209000,666159000,2314843000,1863870000,124227000,1143170000,204460000,None,1039374000,301824000,1612927000,18554000,622442000,1028612000,973000
643,TPR,2023-06-30,6660900000,1946000000,3542500000,None,None,73100000,1286500000,207100000,936000000,227400000,726100000,741500000,975200000,4839000000,919500000,211500000,563300000,184200000,1300000,2277800000,1635800000,-1216800000,283300000,703500000,None,25000000
644,TPR,2022-06-30,6684500000,2034100000,3474600000,None,None,69300000,1468800000,190700000,856300000,241200000,789800000,953200000,853200000,4979800000,994200000,252300000,542500000,93900000,100000,2285500000,1659200000,-1166200000,264400000,1600000000,None,31200000
645,TPR,2021-06-30,5746300000,1664400000,3113900000,None,None,74100000,1425800000,63100000,834200000,279500000,2007700000,2015800000,1323700000,5123100000,734800000,200200000,675500000,116000000,100000,3259300000,1590700000,-158500000,53700000,0,None,0
646,TPR,2020-06-30,4961400000,1722100000,3617300000,None,None,72100000,1742100000,27900000,-652100000,276200000,1426300000,8100000,407000000,5647800000,736900000,193300000,775200000,205400000,100000,2276400000,1587900000,-992700000,380300000,300000000,None,711500000
647,TPR,2019-06-30,6027100000,1973400000,3234000000,None,None,66900000,918000000,122800000,643400000,286800000,969200000,264600000,792400000,3363900000,778300000,298100000,938800000,274200000,100000,3513400000,1601900000,291600000,390700000,100000000,None,800000
648,TPR,2018-06-30,5880000000,2031500000,3177700000,None,None,86300000,938200000,199300000,397500000,288000000,1243400000,6600000,997500000,3433700000,673800000,314100000,885400000,267400000,0,3244600000,1599900000,119000000,384100000,0,None,700000
649,TPR,2017-06-30,4488300000,1407200000,2293700000,None,None,26800000,753800000,168000000,591000000,281900000,2672900000,3083600000,853800000,2829700000,469700000,309500000,691400000,283100000,75100000,3001900000,1579500000,107700000,378000000,0,None,0
650,TPR,2016-06-30,4491800000,1440500000,2397800000,None,None,32900000,826700000,166100000,460500000,278500000,859000000,1319400000,758600000,2209800000,459200000,245200000,919500000,405300000,558600000,2682900000,861200000,-104100000,374500000,0,None,15000000
651,TPR,2015-06-30,4191600000,1283000000,2290600000,None,None,11900000,834700000,166100000,402400000,276600000,1291800000,1525800000,937400000,2177000000,485100000,219500000,732600000,199300000,406000000,2489900000,879100000,-189600000,371800000,0,None,11300000
652,TPR,2014-06-30,4806200000,1509200000,2176900000,None,None,1700000,813100000,341000000,781300000,274361000,591900000,868600000,985400000,1242500000,526200000,198577000,713900000,219587000,484500000,2420600000,0,-219455000,376498000,524900000,None,140500000
653,TPR,2013-06-30,5075400000,1377300000,2173600000,None,None,1400000,722510000,486100000,1034400000,281902000,1062800000,1134906000,1414000000,1122739000,524706000,175477000,694771000,241353000,197340000,2409200000,985000,-101884000,339724000,400000000,None,500000
654,TPR,2012-06-30,4763180000,1297102000,1954089000,None,None,720000,718160000,466753000,1038910000,285118488,917200000,917215000,1221689000,1111390000,504490000,174462000,644449000,184309000,6000000,1993000000,23360000,-387450000,260276000,700000000,None,22375000
655,TPR,2011-06-30,4158507000,1134966000,1718617000,None,None,1031000,593017000,420419000,880800000,288514529,699782000,702038000,1033271000,1022547000,421831000,142898000,582348000,147744000,None,1612569000,24155000,-445654000,178115000,1098000000,None,795000
656,TPR,2010-06-30,3607636000,973945000,1483520000,None,None,1757000,529036000,423192000,734940000,296867247,596470000,696398000,990877000,961822000,363285000,109068000,548474000,81116000,6000000,1505293000,24901000,-30053000,94324000,1149998000,None,742000
