,tic,date,totalRevenue,costOfRevenue,sellingGeneralAndAdministrative,researchAndDevelopment,depreciation,interestExpense,totalCurrentLiabilities,incomeTaxExpense,netIncome,commonStockSharesOutstanding,cashAndCashEquivalentsAtCarryingValue,cashAndShortTermInvestments,operatingCashflow,totalLiabilities,inventory,currentNetReceivables,propertyPlantEquipment,capitalExpenditures,longTermInvestments,totalShareholderEquity,longTermDebt,retainedEarnings,dividendPayoutCommonStock,paymentsForRepurchaseOfCommonStock,treasuryStock,currentLongTermDebt,open,high,low,close,volume,common_stock,total_liabilities,eps,dividend,bv,gross_profit_margin,sga_ratio,dep_ratio,ebit_on_int,profit_margin,count_positive_profit,csti_on_liabilities,inventory_on_ebit,receivable_on_rev,roa,roe,debt_on_min_ebit,liabilities_on_equity,capital_cost_on_ebit,eps_on_mp,dividend_on_mp,mp_on_bv,trend_gross_margin,trend_profit_margin,fluc_sga,fluc_dep_ratio,fluc_inv_on_ebit,fluc_rec_on_rev
0,WBA,2015-08-31,103444000000,76691000000,22400000000.0,0.0,1300000000.0,605000000.0,16557000000.0,1056000000,4220000000,1053900000.0,3000000000.0,3036000000.0,14414000000,37921000000,8678000000.0,6849000000.0,15068000000.0,1251000000.0,1242000000.0,30861000000,24000000.0,25089000000.0,1384000000.0,1226000000.0,3977000000.0,14383000000.0,86.8499984741211,87.12999725341797,85.94000244140625,63.86920547485352,3530700.0,1053900000.0,37921000000,2.554322041939463,2610000000.0,-20811200000.0,0.25862302308495416,0.8372892759690502,0.04859268119463238,7.19504132231405,0.02602374231468234,0.5,0.08006117982120725,1.9935676544911556,0.06620973666911566,0.025581388450520225,0.03999301420690361,0.005513439007580979,0.5633637042124784,0.28738800827015853,0.03999301420690361,40864763.86539058,-3.068982349641228e-09,0.0,0.0,0.0,0.0,0.0,0.0
1,WBA,2016-08-31,117351000000,87477000000,23910000000.0,0.0,1300000000.0,596000000.0,17013000000.0,997000000,4173000000,1082500000.0,9807000000.0,9839000000.0,7847000000,42808000000,8956000000.0,6260000000.0,14335000000.0,1325000000.0,6174000000.0,29880000000,19150000000.0,27684000000.0,1563000000.0,1152000000.0,4934000000.0,323000000.0,80.54000091552734,80.83000183105469,80.25,60.65471649169922,3282700.0,1082500000.0,42808000000,4.037875288683603,2715000000.0,-14442000000.0,0.25456962445995346,0.8003615183771842,0.04351610095735422,10.006711409395972,0.037247232660991385,0.5,0.2298402167819099,1.5016767270288398,0.05334424078192772,0.04029807089906653,0.06657149719323473,-0.9441869638102751,0.6519772710702338,0.2221663313212609,0.06657149719323473,44761564.42626446,-4.1998834296980484e-09,-0.0013511328750002345,0.003741163448769681,0.01846387879593303,0.00253829011863908,0.2459454637311579,0.006432747943593969
2,WBA,2017-08-31,118214000000,89052000000,23813000000.0,0.0,1300000000.0,693000000.0,18547000000.0,760000000,4078000000,1055200000.0,3301000000.0,3301000000.0,7255000000,38543000000,8899000000.0,6528000000.0,13642000000.0,1351000000.0,6320000000.0,27466000000,13027000000.0,30137000000.0,1723000000.0,5220000000.0,9971000000.0,251000000.0,81.94000244140625,82.22000122070312,81.38999938964844,62.39046859741211,5025000.0,1055200000.0,38543000000,3.692191053828658,6943000000.0,-16521700000.0,0.24668820951833118,0.816576366504355,0.044578561141211163,7.7186147186147185,0.032957179352699345,0.5,0.08564460472718782,1.6636754533557674,0.05522188573265434,0.037326079797995966,0.05917876779630096,-0.4599766957381448,0.5854536055371735,0.252570573939054,0.05917876779630096,111283023.77084547,-3.7762741483874005e-09,-0.003978271188874329,0.002311145679339001,0.015112927501695355,0.002186159706250078,0.20467566110020002,0.005674302729421992
3,WBA,2018-08-31,131537000000,100745000000,24694000000.0,0.0,1400000000.0,616000000.0,21667000000.0,998000000,5024000000,974800000.0,785000000.0,785000000.0,8263000000,42117000000,9565000000.0,6573000000.0,13911000000.0,1367000000.0,6610000000.0,26007000000,14477000000.0,33551000000.0,1739000000.0,5228000000.0,15047000000.0,1966000000.0,67.54000091552734,68.62000274658203,67.54000091552734,53.76408004760742,4421500.0,974800000.0,42117000000,4.599917931883463,6967000000.0,-21898900000.0,0.23409382911272114,0.8019615484541439,0.045466354897375945,9.89935064935065,0.034089267658529536,0.5,0.01863855450293231,1.568547064611348,0.04997073066893726,0.04743657105814019,0.08555745635023036,-0.5111754528441792,0.8036180617980937,0.22417185962610692,0.08555745635023036,129584659.38282229,-2.4551041398247136e-09,-0.006825265115744106,-0.0010526550008206164,0.014831989358517702,0.0018937270238219295,0.18894322732578347,0.0060850221807607924
4,WBA,2019-08-31,136162000000,132887000000,23557000000.0,260000000.0,1500000000.0,650000000.0,25769000000.0,577000000,3982000000,899600000.0,1023000000.0,1023000000.0,5594000000,44086000000,9333000000.0,7226000000.0,13478000000.0,1702000000.0,6851000000.0,23512000000,16916000000.0,35815000000.0,1643000000.0,4160000000.0,19057000000.0,5738000000.0,51.25,51.31999969482422,50.040000915527344,40.71076202392578,3975100.0,899600000.0,44086000000,-23.909515340151177,5803000000.0,-23069100000.0,0.024052231900236483,7.192977099236641,0.4580152671755725,-31.203076923076924,-0.15796624608921725,0.5,0.023204645465680716,-0.4601617197515038,0.05306913823239964,-0.2664993122956458,-0.5873020830732552,-0.585450266491313,1.2037658484526257,-0.08391677349373829,-0.587302083073255,142542161.12657306,-1.764731264935597e-09,-0.0742119925393649,-0.0636411418139722,2.551606455178736,0.16499943113332682,0.8733185969243205,0.005583638165076842
5,WBA,2020-08-31,138974000000,141859000000,25436000000.0,300000000.0,0.0,613000000.0,27070000000.0,339000000,456000000,866500000.0,469000000.0,516000000.0,5484000000,66038000000,7917000000.0,7132000000.0,12796000000.0,1374000000.0,7338000000.0,20637000000,15816000000.0,34210000000.0,1747000000.0,1589000000.0,20575000000.0,3000000.0,38.61000061035156,38.709999084472656,38.0,31.90767478942871,7940100.0,866500000.0,66038000000,-33.78303519907674,3336000000.0,-45960700000.0,-0.02075927871400406,-8.816637781629115,-0.0,-46.200652528548126,-0.21063652193935556,0.5,0.007813683030982161,-0.27954521379894776,0.05131895174636982,-0.31245863774665894,-1.0587745870554428,-0.36315209404849375,2.388527181360548,-0.048515236043925006,-1.0587745870554426,104551648.53019142,-6.942382250363617e-10,-0.08495103594224174,-0.08157526319929503,5.124374268845394,0.17072408942541262,0.9573263593174409,0.0018000713916612402
6,WBA,2021-08-31,131917000000,130222000000,24586000000.0,284000000.0,0.0,905000000.0,22054000000.0,667000000,2542000000,865100000.0,559000000.0,1193000000.0,5555000000,57145000000,8159000000.0,5663000000.0,12247000000.0,1379000000.0,6987000000.0,23419000000,9018000000.0,35121000000.0,1617000000.0,110000000.0,20593000000.0,1306000000.0,48.459999084472656,50.869998931884766,48.38999938964844,44.31491470336914,11814400.0,865100000.0,57145000000,-28.277655762339613,1727000000.0,-37905700000.0,0.012848988379056528,14.505014749262537,0.0,-25.293922651933702,-0.18544236148487306,0.5,0.020876717123107884,-0.35642829059455683,0.04292850807704845,-0.2562058069657004,-0.6381069658290405,-0.20706282145481264,1.4906030561378618,-0.06024201651304006,-0.6381069658290404,38971078.05712872,-1.1690831379810726e-09,-0.003734414507059985,-0.00915870513188527,7.73470154549624,0.17536158622802103,0.9728841229922978,0.004175522891212152
7,WBA,2022-08-31,132961000000,134560000000,27295000000.0,307000000.0,0.0,400000000.0,22583000000.0,-30000000,4337000000,864400000.0,1358000000.0,2472000000.0,3899000000,59717000000,8353000000.0,5017000000.0,23884000000.0,1734000000.0,5495000000.0,25275000000,11708000000.0,37801000000.0,1659000000.0,187000000.0,20683000000.0,1059000000.0,35.310001373291016,35.81999969482422,35.029998779296875,31.96412849426269,7828500.0,864400000.0,59717000000,-33.85469689958352,1846000000.0,-38783100000.0,-0.012026082836320425,-17.07004377736085,-0.0,-72.235,-0.22009461421018192,0.5,0.041395247584439944,-0.28909116079462865,0.03773286903678522,-0.3350323361089288,-1.059146565052139,-0.2688280675973549,2.1613263882319087,-0.06001245933411781,-1.0591465650521388,57752239.36830758,-8.241767288912617e-10,0.002911065292561212,-0.0031526974236087877,11.221435073611797,0.17952516572365212,0.7686517755199841,0.005775287091685224
8,WBA,2023-08-31,140471000000,149818000000,34205000000.0,371000000.0,0.0,580000000.0,24535000000.0,-1858000000,-3080000000,863500000.0,739000000.0,739000000.0,2258000000,68140000000,8257000000.0,5381000000.0,10909000000.0,2117000000.0,3497000000.0,20020000000,9092000000.0,33058000000.0,1659000000.0,150000000.0,20717000000.0,918000000.0,25.59000015258789,25.76000022888184,25.18000030517578,24.44748878479004,10794500.0,863500000.0,68140000000,-48.95657209033005,1809000000.0,-53288900000.0,-0.0665404247139979,-3.659462929282123,-0.0,-75.0896551724138,-0.30094467897288407,0.5,0.01084531846199002,-0.1895894562821455,0.038306839134056136,-0.4736561056323794,-2.002519462072043,-0.2087619397501837,3.2277919322890902,-0.04860855988243938,-2.002519462072043,73995329.98765363,-4.587726296619003e-10,-0.02646313769768481,-0.03850077249600367,11.245682173343576,0.18320610687022898,0.08993812945469798,0.006424958688477163
9,AAPL,2009-09-30,42905000000,29832000000,4149000000.0,1333000000.0,0.0,326000000.0,11506000000.0,3831000000,8235000000,899805500.0,5263000000.0,23464000000.0,10159000000,15861000000,455000000.0,3361000000.0,1780000000.0,1144000000.0,10528000000.0,31640000000,0.0,23353000000.0,0.0,0.0,0.0,0.0,6.647500038146973,6.658928871154785,6.521786212921143,5.604187488555908,539585200.0,899805500.0,15861000000,5.2978115826142425,0.0,21403300000.0,0.30469642232839994,0.31737168209286315,0.0,27.374233128834355,0.11110593170959096,1.0,1.4793518693651093,0.05098610488570148,0.07833585829157441,0.2280459847598755,0.945330896482799,0.0,3.1453520765919185,0.12819363514119228,0.945330896482799,0.0,2.6183754320856634e-10,0.0,0.0,0.0,0.0,0.0,0.0
10,AAPL,2010-09-30,65225000000,45873000000,5517000000.0,1782000000.0,0.0,155000000.0,20722000000.0,4527000000,14013000000,915970050.0,11261000000.0,25620000000.0,18595000000,27392000000,1051000000.0,5510000000.0,2174000000.0,2005000000.0,25391000000.0,47791000000,0.0,37169000000.0,0.0,0.0,0.0,0.0,10.321429252624512,10.35714340209961,10.04464340209961,8.579379081726074,673391600.0,915970050.0,27392000000,9.992684804486784,0.0,28987300000.0,0.2966960521272518,0.2850868127325341,0.0,89.25806451612904,0.14032962821004216,1.0,0.9353095794392523,0.07596675099385616,0.08447681103871214,0.2596562281331044,1.164732868112918,0.0,3.485672754654108,0.1449222985182508,1.164732868112918,0.0,2.9597027255819183e-10,-0.0026667900670493774,0.009741232166817068,0.01614243468016452,0.0,0.012490323054077341,0.003070476373568866
11,AAPL,2011-09-30,108249000000,73630000000,7599000000.0,2429000000.0,0.0,0.0,27970000000.0,8283000000,25922000000,929277000.0,9815000000.0,25952000000.0,37529000000,39756000000,776000000.0,5369000000.0,7777000000.0,4260000000.0,55618000000.0,76615000000,0.0,62841000000.0,0.0,0.0,0.0,0.0,13.825714111328123,13.88892936706543,13.613571166992188,11.5294771194458,547640800.0,929277000.0,39756000000,20.162986924243256,0.0,48052600000.0,0.31980895897421685,0.21950374072041365,0.0,3468.0,0.17309166828330977,1.0,0.6527819700171044,0.028719467061435973,0.04959861061072158,0.37124967458414637,1.7488205853009622,0.0,3.7106319682566604,0.15766099185788304,1.7488205853009622,0.0,2.3993451175265856e-10,0.0050375122152723035,0.0206619121912396,0.04071798138502571,0.0,0.019299227615427187,0.015202447061825062
12,AAPL,2012-09-30,156508000000,100486000000,10040000000.0,3381000000.0,0.0,0.0,38542000000.0,14030000000,41733000000,939208000.0,10746000000.0,29129000000.0,50856000000,57854000000,791000000.0,10930000000.0,15452000000.0,8295000000.0,92122000000.0,118210000000,0.0,101289000000.0,2488000000.0,0.0,0.0,0.0,23.96999931335449,24.16964340209961,23.446428298950195,20.022720336914062,543594800.0,939208000.0,57854000000,34.02015315031388,2488000000.0,75626900000.0,0.35794975336724,0.1792153082717504,0.0,3468.0,0.20415569811127865,1.0,0.5034915476890103,0.01720238354138576,0.06983668566463057,0.4168041842938434,1.6990774768798038,0.0,3.076440546676395,0.18039667696054978,1.6990774768798038,124258839.86468619,2.647565923886086e-10,0.020417900413329398,0.021275356633745496,0.05410678269981558,0.0,0.02247133674502887,0.01317236325182248
13,AAPL,2013-09-30,170774000000,123236000000,10830000000.0,4475000000.0,0.0,136000000.0,43658000000.0,13118000000,37037000000,899213000.0,14259000000.0,40546000000.0,53666000000,83451000000,1764000000.0,13102000000.0,16597000000.0,8165000000.0,106215000000.0,123549000000,16960000000.0,104256000000.0,10564000000.0,22860000000.0,0.0,0.0,17.04464340209961,17.2021427154541,16.943214416503906,14.821681022644045,260156400.0,899213000.0,83451000000,26.082807966521838,33424000000.0,77993000000.0,0.2783679014369869,0.2278177458033573,0.0,269.9117647058824,0.13733940763816507,1.0,0.4858659572683371,0.04805491990846682,0.0767212807570239,0.24234634346563474,1.7597739370232997,0.4620246267843522,6.261400819413804,0.2224310776942356,1.7597739370232997,2255074842.6535416,1.9003860631908048e-10,-0.01381368584574331,-0.011917420215048232,0.049222627354669875,0.0,0.020191856277942986,0.012036561725383204
14,AAPL,2014-09-30,182411000000,131151000000,11993000000.0,6041000000.0,0.0,384000000.0,63448000000.0,13973000000,39510000000,5866161000.0,13844000000.0,25077000000.0,109133000000,120292000000,2111000000.0,27219000000.0,20624000000.0,9571000000.0,130162000000.0,111547000000,28987000000.0,87152000000.0,11126000000.0,45000000000.0,0.0,0.0,25.20249938964844,25.38500022888184,25.13249969482422,22.420413970947266,221056400.0,5866161000.0,120292000000,4.246388737029209,56126000000.0,61902500000.0,0.28101375465295403,0.23396410456496294,0.0,102.2578125,0.13655974694508555,1.0,0.20846772852725035,0.05376015483739527,0.14921797479318682,0.0989223154201954,0.18939831987633002,0.7382025619476914,0.9146167280033517,0.24374156416329235,0.18939831987633002,2503343607.8713346,3.6218915182661875e-10,-0.02564533290476199,-0.02253198372206437,0.0338833174624116,0.0,0.020408035956831758,0.03367858825285874
15,AAPL,2015-09-30,232982000000,163618000000,14329000000.0,8067000000.0,0.0,733000000.0,80610000000.0,19121000000,53394000000,5578753000.0,21120000000.0,41601000000.0,81266000000,170990000000,2349000000.0,30343000000.0,22471000000.0,11488000000.0,164065000000.0,119355000000,57400000000.0,92284000000.0,11561000000.0,35253000000.0,0.0,2500000000.0,27.542499542236328,27.88500022888184,27.1825008392334,24.965232849121094,265892000.0,5578753000.0,170990000000,6.306248009187716,46814000000.0,64619100000.0,0.2977225708423827,0.20657689867943024,0.0,75.0818553888131,0.15100308178314203,1.0,0.24329492952804257,0.04268192968111202,0.1302375290794997,0.11339021483855755,0.25260120934180386,1.0429726537657855,1.2277161190800445,0.20873989279549376,0.2526012093418039,1875167769.6308007,3.863444840476128e-10,0.006451556468465254,0.004554558048325654,0.019406988901270635,0.0,0.013341951989715974,0.037973115336188565
16,AAPL,2016-09-30,215639000000,131376000000,14194000000.0,10045000000.0,8300000000.0,1456000000.0,79006000000.0,15685000000,45687000000,5336166000.0,20484000000.0,67155000000.0,66231000000,193437000000,2132000000.0,29299000000.0,27010000000.0,13548000000.0,170430000000.0,128249000000,85200000000.0,96364000000.0,11965000000.0,29722000000.0,0.0,3500000000.0,28.114999771118164,28.342500686645508,27.950000762939453,26.134754180908203,145516400.0,5336166000.0,193437000000,9.918731913512437,41687000000.0,74055200000.0,0.3907595564809705,0.16844878535062838,0.09850112148867238,48.12431318681319,0.24544725212044202,1.0,0.34716729477814484,0.030427150380339378,0.1358705985466451,0.1589924136098024,0.3795226786850058,1.4607550663511983,1.3870489796854495,0.1933522670510497,0.37952267868500583,1595079093.2042868,3.52909102681624e-10,0.03658193394267215,0.03629583505845216,0.02587191231958774,0.03940044859546895,0.013117841507314773,0.03258592872297909
17,AAPL,2017-09-30,229234000000,141048000000,15261000000.0,11581000000.0,8200000000.0,2323000000.0,100814000000.0,15738000000,48351000000,5126201000.0,20289000000.0,74181000000.0,64225000000,241272000000,4855000000.0,35673000000.0,33783000000.0,12795000000.0,194714000000.0,134047000000,112596000000.0,98330000000.0,12563000000.0,32900000000.0,0.0,6496000000.0,38.56499862670898,38.61249923706055,38.18000030517578,36.184814453125,74795200.0,5126201000.0,241272000000,10.702662654078527,45463000000.0,65345500000.0,0.38469860491899105,0.17305467988116027,0.09298528111038033,31.39259578131726,0.2393362241203312,1.0,0.3074579727444544,0.06657524854302366,0.15561827652093493,0.12855858475344328,0.2957777403541231,1.9304598292356754,1.300723369982502,0.1754542338018512,0.2957777403541231,1256411030.0715861,5.537460797319632e-10,0.028992011358869457,0.029444380779063056,0.02710247127026535,0.046936819154342675,0.011957086032747777,0.02792016865871777
18,AAPL,2018-09-30,265595000000,163756000000,16705000000.0,14236000000.0,9300000000.0,3240000000.0,115929000000.0,13372000000,59531000000,4754986000.0,25913000000.0,25913000000.0,77434000000,258578000000,3956000000.0,48995000000.0,41304000000.0,13313000000.0,170799000000.0,107147000000,111984000000.0,70400000000.0,13712000000.0,72738000000.0,0.0,8784000000.0,56.98749923706055,57.35499954223633,56.587501525878906,54.27279281616211,94403200.0,4754986000.0,258578000000,14.410557675669287,86450000000.0,-12431200000.0,0.38343718820007905,0.1640334253085753,0.09132061391019158,26.275925925925925,0.2579943146520078,1.0,0.1002134752376459,0.04646792115958372,0.18447259925826917,0.13262894938178682,0.2655208425422675,1.9199670815759695,1.001982551923389,0.1563770056616628,0.2655208425422675,1592879148.3576596,-4.36585308064886e-09,-0.002440789426963815,0.004182354177188587,0.026945950362133993,0.04624332653532817,0.011980416427154745,0.018999280017221735
19,AAPL,2019-09-30,256598000000,180027000000,18245000000.0,16217000000.0,11300000000.0,3576000000.0,105718000000.0,10481000000,55256000000,4443236000.0,48844000000.0,100557000000.0,69391000000,248028000000,4106000000.0,45804000000.0,37378000000.0,10495000000.0,105341000000.0,90488000000,117760000000.0,45898000000.0,14119000000.0,66897000000.0,0.0,10260000000.0,55.22499847412109,56.14500045776367,55.1974983215332,54.31709289550781,103909600.0,4443236000.0,248028000000,9.963234003325503,81016000000.0,4041800000.0,0.2984084053655913,0.2382755873633621,0.14757545284768384,16.31040268456376,0.172522778821347,0.9,0.4054260002902898,0.07039742139011762,0.17850489871316222,0.09046089789432493,0.18342723205920128,2.018996673867572,1.027696345369888,0.17993690635394163,0.18342723205920125,1491537850.8171277,1.34388373733257e-08,-0.028763399851133242,-0.02227114843299473,0.02839421529213154,0.04779307117121151,0.015042208624696178,0.021825569679611998
20,AAPL,2020-09-30,271642000000,189475000000,19916000000.0,18752000000.0,9700000000.0,2873000000.0,105392000000.0,9680000000,57411000000,16976763000.0,38016000000.0,90943000000.0,80674000000,258549000000,4061000000.0,37445000000.0,36766000000.0,7309000000.0,100887000000.0,65339000000,125873000000.0,14966000000.0,14081000000.0,72358000000.0,0.0,8773000000.0,113.79000091552734,117.26000213623048,113.62000274658205,113.45941162109376,142675200.0,16976763000.0,258549000000,2.9274131941407204,86439000000.0,-27379300000.0,0.3024826794089279,0.24238441223362178,0.11805225942288267,21.667594848590323,0.18295403509030267,0.8,0.3517437700397217,0.06523589982490241,0.13784687198592266,0.022747968706569848,0.02580141349504823,2.0220237425904806,0.13422933835830866,0.11741176848564681,0.025801413495048227,761849535.1330531,-4.14398511361115e-09,-0.026984836263717043,-0.02501342652056837,0.0353227341445001,0.021198621909579614,0.015159775347359994,0.020108260722315807
21,AAPL,2021-09-30,363172000000,234954000000,21973000000.0,21914000000.0,9500000000.0,2645000000.0,125481000000.0,14527000000,94680000000,16426786000.0,34940000000.0,62639000000.0,104038000000,287912000000,6580000000.0,51506000000.0,39440000000.0,11085000000.0,127877000000.0,63090000000,118700000000.0,5562000000.0,14467000000.0,85971000000.0,0.0,9613000000.0,143.66000366210938,144.3800048828125,141.27999877929688,139.51959228515625,89056700.0,16426786000.0,287912000000,5.422424082227649,100438000000.0,-45013200000.0,0.35305034529093654,0.17137219423169914,0.07409256110686487,40.168241965973536,0.2452639520667893,0.7,0.21756300536274972,0.06193232622711657,0.14182260746973885,0.034527490142398164,0.03886496508063944,27.268550424994256,0.1256238122247714,0.10433432161513483,0.038864965080639434,719884557.8241113,-3.0995261897655854e-09,0.018213979975115074,0.024247057748480766,0.03486253417110802,0.025571819819298274,0.008283677372903234,0.018873874550401914
22,AAPL,2022-09-30,391397000000,248640000000,25094000000.0,26251000000.0,8700000000.0,2931000000.0,153982000000.0,19300000000,99803000000,15943425000.0,23646000000.0,48304000000.0,122151000000,302083000000,4946000000.0,60932000000.0,42117000000.0,10708000000.0,120805000000.0,50672000000,110087000000.0,-3068000000.0,14841000000.0,89402000000.0,0.0,11128000000.0,141.27999877929688,143.10000610351562,138.0,137.0293731689453,124925300.0,15943425000.0,302083000000,5.985664937113575,104243000000.0,-73332000000.0,0.3647370828085039,0.17578122263706858,0.06094272084731397,40.14431934493347,0.24382404566207713,0.6,0.15990307299649434,0.04203530421627869,0.155678249961037,0.03837541399016766,0.04368161948558117,25.289915001148632,0.1382709642369731,0.09100566873188683,0.04368161948558117,760734706.64919,-1.868616336237186e-09,0.020751467799858665,0.02029000352392482,0.034490169978375035,0.0311398569808364,0.011011694643612036,0.018871325452052935
23,AAPL,2023-09-30,379352000000,239069000000,24932000000.0,29915000000.0,8500000000.0,3933000000.0,145308000000.0,16741000000,96995000000,15550061000.0,29965000000.0,61555000000.0,110543000000,290437000000,6331000000.0,60985000000.0,43715000000.0,10959000000.0,100544000000.0,62146000000,105100000000.0,-214000000.0,15025000000.0,77550000000.0,0.0,9822000000.0,171.22000122070312,174.3000030517578,170.92999267578125,173.3002471923828,52164500.0,15550061000.0,290437000000,6.088529170400039,92575000000.0,-67641500000.0,0.3697963896328476,0.17772645295581074,0.060591803711069765,29.329010933129926,0.24957559206225352,0.5,0.21193925016440743,0.05488465639656353,0.16076098188489846,0.03171475735609764,0.03513283604056886,24.14426832069837,0.10777565302148039,0.09500567832095083,0.03513283604056886,534188505.2087163,-2.562040273979477e-09,0.0055820147806370235,0.0014372133318214058,0.032117074261989904,0.03475267479459263,0.009819065477593076,0.01451876588366627
24,MSFT,2010-06-30,62484000000,12395000000,17218000000.0,8714000000.0,1800000000.0,151000000.0,26147000000.0,6253000000,18760000000,8668000000.0,5505000000.0,36788000000.0,24073000000,39938000000,740000000.0,13014000000.0,7630000000.0,1977000000.0,7754000000.0,46175000000,4900000000.0,-16681000000.0,4578000000.0,11269000000.0,0.0,0.0,23.299999237060547,23.68000030517578,22.950000762939453,17.580820083618164,81050500.0,8668000000.0,39938000000,3.0534148592524226,15847000000.0,16911200000.0,0.8016292170795724,0.3437481283315698,0.03593603385972968,217.6887417218543,0.4235804365917675,0.9,0.9211277480094145,0.022512244835873566,0.2082773189936624,0.13761347552670483,0.17367875017944126,0.1490675671564601,0.2620766208737872,0.06014420005475951,0.17367875017944126,901380022.3555135,1.0395962488539053e-09,0.0,0.0,0.0,0.0,0.0,0.0
25,MSFT,2011-06-30,69943000000,15577000000,18162000000.0,9043000000.0,2000000000.0,295000000.0,28774000000.0,4921000000,23150000000,8376000000.0,9610000000.0,52772000000.0,26994000000,51621000000,1372000000.0,14987000000.0,8162000000.0,2355000000.0,10865000000.0,57083000000,11900000000.0,-6332000000.0,5180000000.0,11555000000.0,0.0,0.0,25.739999771118164,26.0,25.65999984741211,20.345273971557617,52535400.0,8376000000.0,51621000000,3.6996179560649476,16735000000.0,26324000000.0,0.777290079064381,0.3340690872972078,0.03678769819372402,122.72542372881355,0.4430464807057175,0.9,1.0222971271381802,0.03789636504253674,0.21427448064852808,0.1395648301668085,0.1818416385661337,0.32869296210363497,0.30291878225191643,0.06504806098773616,0.1818416385661337,822549749.0667993,7.728792725861425e-10,-0.008113046005063795,0.0064886813713166775,0.004839520517181006,0.0004258321669971671,0.007692060103331587,0.002998580827432845
26,MSFT,2012-06-30,73723000000,17530000000,18426000000.0,9811000000.0,2200000000.0,380000000.0,32688000000.0,5289000000,16978000000,8381000000.0,6938000000.0,63040000000.0,31626000000,54908000000,1137000000.0,15780000000.0,8269000000.0,2305000000.0,9776000000.0,66363000000,11900000000.0,566000000.0,6385000000.0,5029000000.0,0.0,1231000000.0,30.6200008392334,30.6200008392334,30.209999084472656,24.56540870666504,30589100.0,8381000000.0,54908000000,3.8298532394702303,11414000000.0,32754300000.0,0.762218032364391,0.3279056110191661,0.03915078390546865,99.38684210526316,0.43538651438492737,0.9,1.1481022801777518,0.03010564778775121,0.21404446373587618,0.1230795468748968,0.15590431591032808,0.32128297200248385,0.26669556290124913,0.06103211798660206,0.15590431591032808,464637089.3435685,7.499903434561276e-10,-0.013137061571727116,0.003935359264386633,0.006520545563138255,0.001359907026047017,0.006280712966133872,0.002774463194772829
27,MSFT,2013-06-30,77849000000,20385000000,20425000000.0,10411000000.0,2600000000.0,429000000.0,37417000000.0,5189000000,21863000000,8328000000.0,3804000000.0,77022000000.0,28833000000,63487000000,1938000000.0,17486000000.0,9991000000.0,4257000000.0,10844000000.0,78944000000,15600000000.0,9895000000.0,7455000000.0,5360000000.0,0.0,2999000000.0,34.75,34.9900016784668,34.33000183105469,28.461729049682617,31055400.0,8328000000.0,63487000000,3.7729346781940443,12815000000.0,41335000000.0,0.7381469254582589,0.3554399276068495,0.04524571905888904,86.33799533799534,0.4036146899767499,0.9,1.2131932521618598,0.05232322686897595,0.22461431746072524,0.10455673166720057,0.13256168209626454,0.4211776775830881,0.2678445469986807,0.11493290855584654,0.13256168209626454,450253741.70452595,6.885624543288404e-10,-0.013047717868707362,-0.01314393024298921,0.010410953383795695,0.0036400610748897624,0.011026887623084812,0.005888603220165673
28,MSFT,2014-06-30,86833000000,27078000000,20632000000.0,11381000000.0,3400000000.0,597000000.0,45625000000.0,5746000000,22074000000,8239000000.0,8669000000.0,85709000000.0,32231000000,82600000000,2660000000.0,19544000000.0,13011000000.0,5485000000.0,14597000000.0,89784000000,20600000000.0,17710000000.0,8879000000.0,7316000000.0,0.0,0.0,42.16999816894531,42.209999084472656,41.70000076293945,35.56086730957031,30793100.0,8239000000.0,82600000000,3.978638184245661,16195000000.0,37273400000.0,0.6881600313244964,0.3452765458957409,0.05689900426742532,65.53266331658291,0.37750624762475093,0.9,1.037639225181598,0.06799069601001968,0.2250757200603457,0.08727695186325896,0.11188248446277098,0.5266656440149308,0.28192474730399275,0.1401988600056233,0.11188248446277098,455416338.9496837,9.540548302427552e-10,-0.024686000346631525,-0.019293422253392145,0.00952301233966075,0.007763272136244931,0.016248299303130796,0.006559161305643774
29,MSFT,2015-06-30,93580000000,33038000000,20324000000.0,12046000000.0,4100000000.0,781000000.0,49647000000.0,6314000000,12193000000,8027000000.0,5595000000.0,96526000000.0,46203000000,94389000000,2902000000.0,17908000000.0,14731000000.0,5944000000.0,12053000000.0,80083000000,30300000000.0,9096000000.0,9882000000.0,14443000000.0,0.0,2499000000.0,44.709999084472656,44.720001220703125,43.93999862670898,38.6451416015625,35945400.0,8027000000.0,94389000000,4.126448237199452,24325000000.0,32913600000.0,0.646954477452447,0.3357008357834231,0.06772158171186944,51.495518565941104,0.35395383628980553,0.9,1.0226403500407886,0.07215674573574021,0.1913656764265869,0.08186734530514915,0.10677793032158565,1.363452279170229,0.30427986792030154,0.14779451986672634,0.10677793032158567,629445228.8671777,1.174139006415661e-09,-0.030397482668603943,-0.016553617895648114,0.009650377779687297,0.01160176152325884,0.016372731753782923,0.012228221619254848
30,MSFT,2016-06-30,91154000000,32780000000,19260000000.0,11988000000.0,4900000000.0,1243000000.0,59357000000.0,5100000000,20539000000,7808000000.0,6510000000.0,113240000000.0,33325000000,121471000000,2251000000.0,18277000000.0,18356000000.0,8343000000.0,10431000000.0,83090000000,40600000000.0,2282000000.0,11006000000.0,15969000000.0,0.0,0.0,50.720001220703125,51.29999923706055,50.5,46.03472518920898,28527800.0,7808000000.0,121471000000,4.197105532786885,26975000000.0,21618300000.0,0.6403887925927552,0.3299414122725871,0.0839414807962449,31.467417538213997,0.35951247339666936,0.9,0.9322389706185016,0.057549726440660635,0.20050683458762095,0.06814370848982935,0.0911725988487215,1.8269360572379967,0.3379459508331467,0.21329958582604694,0.0911725988487215,585970696.8843429,2.1294331741722974e-09,-0.015923746243913756,-0.005997924742693857,0.01025266765080965,0.01603056936735314,0.014773299126493694,0.0133287942767173
31,MSFT,2017-06-30,96571000000,34261000000,20020000000.0,13037000000.0,6100000000.0,2222000000.0,55745000000.0,4412000000,25489000000,7708000000.0,7663000000.0,132981000000.0,39507000000,162601000000,2181000000.0,19792000000.0,23734000000.0,8129000000.0,6023000000.0,87711000000,77100000000.0,17769000000.0,11845000000.0,11788000000.0,0.0,1049000000.0,68.77999877929688,69.37999725341797,68.73999786376953,63.56354904174805,24161100.0,7708000000.0,162601000000,4.625843279709393,23633000000.0,-1926100000.0,0.6452247569146017,0.32129674209597175,0.09789760873054085,19.032403240324033,0.36922057346408343,0.9,0.8178362986697498,0.05157247576259163,0.20494765509314392,0.0546411211424585,0.07277509436534411,3.4693785717499885,0.3318741058699607,0.19222038306928352,0.07277509436534413,371801140.0602888,-3.3001167666137814e-08,-0.0005765735126151231,0.005088912391425966,0.011876242182051095,0.018770516719270387,0.008331747633148026,0.013426125785803126
32,MSFT,2018-06-30,107222000000,62776000000,22223000000.0,14726000000.0,7700000000.0,2733000000.0,58488000000.0,19903000000,16571000000,7677000000.0,11946000000.0,133768000000.0,43884000000,176130000000,2662000000.0,26481000000.0,29460000000.0,11632000000.0,1862000000.0,82718000000,76200000000.0,13682000000.0,12699000000.0,10721000000.0,0.0,3998000000.0,98.0999984741211,100.05999755859376,98.0,94.02432250976562,19564500.0,7677000000.0,176130000000,-0.053797056141722026,23420000000.0,-12092200000.0,0.4145231389080599,0.5,0.17324393646222383,8.131357482619832,-0.0038518214545522375,0.9,0.7594844716970419,0.11978580749673762,0.24697356885713753,-0.00045993410247102543,-0.0005721610611566439,3.428879989200378,0.24400660460416393,0.5234216802411915,-0.0005721610611566439,249084485.53370363,-7.775617547655978e-09,-0.07528855122823175,-0.12112143161707388,0.06723261440457046,0.0410954346940043,0.02412167655059404,0.019929853268039033
33,MSFT,2019-06-30,123495000000,67908000000,23098000000.0,16876000000.0,9700000000.0,2686000000.0,69420000000.0,4448000000,39240000000,7643000000.0,11356000000.0,133819000000.0,52185000000,184226000000,2063000000.0,29524000000.0,36477000000.0,13925000000.0,2649000000.0,102330000000,72178000000.0,24150000000.0,13811000000.0,19543000000.0,0.0,5516000000.0,136.6300048828125,136.6999969482422,134.97000122070312,129.63079833984375,22613500.0,7643000000.0,184226000000,3.317414627763967,33354000000.0,-15811900000.0,0.45011538928701567,0.4155288106931477,0.17450123230251677,12.095681310498883,0.20531195594963358,1.0,0.7263849836613725,0.06349841484810244,0.23907040770881413,0.0215788300732529,0.025591253546606567,2.2216134691741822,0.1859425863094909,0.42860660531256733,0.025591253546606567,257299965.95838448,-8.198306233902552e-09,-0.065036455875862,-0.05463620583814995,0.0686664823988596,0.045443624236130964,0.024403747930339312,0.0221765976529458
34,MSFT,2020-06-30,140503000000,73159000000,24709000000.0,19269000000.0,10700000000.0,2591000000.0,72310000000.0,8755000000,44281000000,7571000000.0,13576000000.0,136527000000.0,60675000000,183007000000,1895000000.0,32011000000.0,44151000000.0,15441000000.0,2965000000.0,118304000000,63327000000.0,34566000000.0,15137000000.0,22968000000.0,0.0,3749000000.0,197.8800048828125,204.3999938964844,197.7400054931641,196.82928466796875,34310300.0,7571000000.0,183007000000,4.132743362831858,38105000000.0,-8128500000.0,0.4793064916763343,0.3669072226181991,0.1588857210738893,16.455036665380163,0.222692753891376,1.0,0.7460206440190812,0.04444705054532661,0.22783143420425186,0.018700078701855454,0.020996587828906565,1.4853289550838513,0.1228074578543483,0.3621672334936085,0.020996587828906565,193594159.85420722,-2.421471177560051e-08,0.021594450922758135,0.07551485844864274,0.06566408717018546,0.03883489526993724,0.026958735879938696,0.018354360808631398
35,MSFT,2021-06-30,165936000000,79977000000,25224000000.0,20716000000.0,9300000000.0,2346000000.0,88657000000.0,9831000000,61271000000,7519000000.0,14224000000.0,130334000000.0,76740000000,191791000000,2636000000.0,39008000000.0,59715000000.0,20622000000.0,5984000000.0,141988000000,58146000000.0,57055000000.0,16521000000.0,27385000000.0,0.0,8072000000.0,270.69000244140625,271.3599853515625,269.6000061035156,264.5439453125,21656500.0,7519000000.0,191791000000,6.458039632929911,43906000000.0,-11005600000.0,0.5180250216951113,0.29344222245489127,0.10819111436847799,25.888746803069054,0.29263089383858837,1.0,0.6795626489251321,0.04340166296204824,0.2350785845145116,0.022265151299779407,0.02441197293440668,6.515688032272523,0.09642070721740581,0.33954062731538653,0.024411972934406678,165968644.4463312,-2.4037212447526715e-08,0.02263654413603189,0.029106312629651594,0.07317163716019835,0.03287620308808943,0.028537332514108622,0.014320924860018631
36,MSFT,2022-06-30,196109000000,93355000000,27725000000.0,24512000000.0,12600000000.0,2063000000.0,95082000000.0,10978000000,72738000000,7464000000.0,13931000000.0,104757000000.0,89035000000,198298000000,3742000000.0,45261000000.0,74398000000.0,23886000000.0,6891000000.0,166542000000,49781000000.0,84281000000.0,18135000000.0,32696000000.0,0.0,2749000000.0,257.04998779296875,259.5299987792969,252.8999938964844,252.8520355224609,31730900.0,7464000000.0,198298000000,8.304930332261522,50831000000.0,-33690600000.0,0.5239637140569785,0.26981917978862135,0.12262296358292621,36.36888027144935,0.3160895216435758,1.0,0.52828066848884,0.049874048701168884,0.23079511904094152,0.029722107883706196,0.032845020666340624,5.578328103989242,0.10507036697576971,0.3183569019978941,0.032845020666340624,201030614.18892422,-7.505121176899816e-09,0.01488574079354806,0.03113225591739993,0.08351769333952641,0.027149608761739333,0.028699327251183213,0.006700735596793825
37,MSFT,2023-06-30,209747000000,100049000000,30334000000.0,27195000000.0,11000000000.0,1968000000.0,104149000000.0,16950000000,72361000000,7432000000.0,34704000000.0,111262000000.0,87582000000,205753000000,2500000000.0,48688000000.0,95641000000.0,28107000000.0,9879000000.0,206223000000,47237000000.0,118848000000.0,19800000000.0,22245000000.0,0.0,5247000000.0,337.75,342.7300109863281,337.20001220703125,338.5062255859375,26823800.0,7432000000.0,205753000000,8.133207750269106,42045000000.0,-25283400000.0,0.5230015208799172,0.27652281718900984,0.10027530128170067,40.327235772357724,0.28818528989687575,1.0,0.5407551773242675,0.03150042840582632,0.2321272771481833,0.022210290470813077,0.024026759732973677,5.293254146122815,0.08178502953609061,0.35415301648102415,0.024026759732973673,124207464.50740215,-1.3388477245383829e-08,0.001658833061601972,-0.0014818679805708723,0.05716815367003328,0.028935920893996655,0.010383852195238323,0.003834206365106392
38,V,2009-09-30,6911000000,1846000000,1256000000.0,0.0,0.0,115000000.0,4442000000.0,1648000000,2353000000,846000000.0,4617000000.0,6097000000.0,558000000,9088000000,2434000000.0,444000000.0,1204000000.0,306000000.0,168000000.0,23189000000,56000000.0,2219000000.0,318000000.0,2646000000.0,2000000.0,12000000.0,17.4375,17.5,17.15250015258789,15.578794479370115,30467200.0,846000000.0,9088000000,2.4184397163120566,2964000000.0,-1010000000.0,0.7328895962957603,0.24797630799605133,0.0,33.12173913043478,0.2960497757198669,1.0,0.6708846830985915,0.639012864268837,0.06424540587469252,0.09188212807708286,0.15523920798330215,0.014702021527960095,0.6895473715309139,0.08033604620635337,0.15523920798330215,190258623.92144743,-1.542454898947536e-08,0.0,0.0,0.0,0.0,0.0,0.0
39,V,2010-09-30,8065000000,1877000000,1323000000.0,0.0,0.0,72000000.0,3498000000.0,1674000000,2966000000,932000000.0,3867000000.0,5917000000.0,2691000000,8394000000,2731000000.0,476000000.0,1357000000.0,241000000.0,138000000.0,25011000000,44000000.0,4368000000.0,368000000.0,1000000000.0,-25014000000.0,12000000.0,18.684999465942383,18.74250030517578,18.45249938964844,16.843793869018555,23144000.0,932000000.0,8394000000,3.34656652360515,1368000000.0,-321300000.0,0.7672659640421575,0.21380090497737556,0.0,67.56944444444444,0.3867327960322381,1.0,0.7049082678103408,0.5613566289825282,0.05902045877247365,0.12945982730698705,0.19868246724157673,0.009044193216855087,0.5347036325828135,0.04953751284686536,0.19868246724157673,81216857.11888315,-5.242388381269391e-08,0.011458789248799062,0.030227673437457064,0.017087701509337888,0.0,0.03882811764315436,0.002612473551109433
40,V,2011-09-30,9188000000,1909000000,1284000000.0,0.0,0.0,32000000.0,3451000000.0,2010000000,3650000000,812000000.0,2127000000.0,6255000000.0,3872000000,8323000000,3611000000.0,560000000.0,1541000000.0,353000000.0,811000000.0,26437000000,0.0,6706000000.0,423000000.0,2024000000.0,-26437000000.0,0.0,21.55500030517578,21.905000686645508,21.3125,19.592050552368164,17952400.0,812000000.0,8323000000,4.8682266009852215,2447000000.0,1304700000.0,0.792228994340444,0.1763978568484682,0.0,187.34375,0.4302350892468437,1.0,0.7515318995554487,0.6023352793994996,0.06094906399651719,0.1631331128684418,0.2484796876147699,0.0,0.5231713736447584,0.058882402001668055,0.2484796876147699,124897595.2496316,1.501651763038872e-08,0.019779799348227895,0.04472843784232561,0.02923168153734958,0.0,0.03171922988536612,0.002157299240279789
41,V,2012-09-30,10421000000,2042000000,1324000000.0,0.0,0.0,-29000000.0,7954000000.0,65000000,2144000000,811000000.0,2074000000.0,7249000000.0,5009000000,12383000000,6581000000.0,723000000.0,1634000000.0,376000000.0,3283000000.0,27630000000,0.0,7809000000.0,595000000.0,710000000.0,0.0,0.0,33.717498779296875,34.474998474121094,33.717498779296875,31.49546432495117,14700800.0,811000000.0,12383000000,8.654747225647348,1305000000.0,2344700000.0,0.804049515401593,0.1580140828261129,0.0,-243.27586206896552,0.6735438057767968,1.0,0.5853993378018251,0.9328136073706591,0.06937913827847615,0.1850717983129542,0.27479344760099095,0.0,0.4847937400830704,0.05329553508150248,0.27479344760099095,41434537.5745472,1.3432620089969365e-08,0.012261183786478483,0.09560366991485292,0.03467145392833775,0.0,0.1463237153112327,0.003925947831496283
42,V,2013-09-30,11778000000,2136000000,1327000000.0,0.0,0.0,0.0,4335000000.0,2277000000,4980000000,780000000.0,2186000000.0,4304000000.0,3022000000,9086000000,1583000000.0,761000000.0,1732000000.0,471000000.0,2760000000.0,26870000000,0.0,7974000000.0,864000000.0,5365000000.0,0.0,0.0,47.70000076293945,47.9900016784668,47.5625,44.37751770019531,9561600.0,780000000.0,9086000000,7.741025641025641,6229000000.0,-275300000.0,0.8186449312277126,0.13762704833022193,0.0,3468.0,0.5126507047036848,1.0,0.47369579572969406,0.19037883343355383,0.06461198845304805,0.1381678699517588,0.17443575130367356,0.0,0.262491427019738,0.05664461815995189,0.17443575130367356,140363867.1744045,-1.6119694042933276e-07,0.008805312295756207,0.02747187181894702,0.039563608426972624,0.0,0.2368446410571746,0.0035448632244300497
43,V,2014-09-30,12702000000,1842000000,1407000000.0,0.0,0.0,0.0,6006000000.0,2286000000,5438000000,762000000.0,1971000000.0,3950000000.0,7205000000,11156000000,3703000000.0,913000000.0,1892000000.0,553000000.0,3015000000.0,27413000000,0.0,9131000000.0,1006000000.0,4118000000.0,0.0,1332000000.0,52.79249954223633,53.505001068115234,52.755001068115234,49.92768478393555,11456000.0,762000000.0,11156000000,9.405511811023622,5124000000.0,-1230700000.0,0.8549834671705243,0.12955801104972375,0.0,3468.0,0.5642418516769013,1.0,0.3540695589817139,0.39172749391727496,0.0718784443394741,0.14566807946654056,0.18838269492620027,0.0,0.29323250238547377,0.0584999471067386,0.1883826949262003,102628431.94460861,-4.0568525866527624e-08,0.016977983922977113,-0.03643398469996517,0.03015697438597188,0.0,0.2460782510971297,0.0048716441096485165
44,V,2015-09-30,13880000000,1913000000,1419000000.0,0.0,0.0,0.0,5355000000.0,2667000000,6328000000,2215000000.0,3518000000.0,6015000000.0,6584000000,9525000000,3242000000.0,924000000.0,1888000000.0,414000000.0,3384000000.0,29842000000,0.0,11843000000.0,1177000000.0,2910000000.0,0.0,780000000.0,69.31999969482422,69.66000366210938,68.26000213623047,65.66686248779297,9309200.0,2215000000.0,9525000000,3.5580135440180585,4087000000.0,2611800000.0,0.8621757925072047,0.118576084231637,0.0,3468.0,0.5677953890489914,1.0,0.631496062992126,0.30735684489950704,0.06657060518731989,0.05085267422817267,0.05418278579518657,0.0,0.0654854757897668,0.03924914675767918,0.05418278579518657,62238393.08235179,2.5142377857337072e-08,0.014510287093164006,0.01838156144843554,0.020695751762563476,0.0,0.2612902781859379,0.003779984505309664
45,V,2016-09-30,15082000000,2167000000,1665000000.0,0.0,0.0,427000000.0,8046000000.0,2021000000,5991000000,2133000000.0,5619000000.0,8938000000.0,5574000000,31123000000,2351000000.0,1273000000.0,2150000000.0,523000000.0,3931000000.0,32912000000,15882000000.0,10462000000.0,1350000000.0,7157000000.0,170000000.0,0.0,82.16000366210938,83.04000091552734,81.68000030517578,78.52815246582031,9776800.0,2133000000.0,31123000000,4.1265822784810124,8507000000.0,-15630100000.0,0.8563187906113248,0.1289198606271777,0.0,26.346604215456676,0.5836096008486938,1.0,0.28718311216785014,0.2089777777777778,0.08440525129293197,0.04431498699437604,0.05254908143009125,1.4117333333333333,0.185808345983723,0.04648888888888889,0.052549081430091245,108330576.14213839,-5.0241618713776826e-09,0.00044510781360015034,0.006455916390597505,0.01320465989128807,0.0,0.2730482309508534,0.006969142397249692
46,V,2017-09-30,18358000000,2538000000,1982000000.0,0.0,0.0,563000000.0,9994000000.0,4995000000,6699000000,2076000000.0,9874000000.0,13438000000.0,9317000000,35217000000,2687000000.0,1280000000.0,2253000000.0,707000000.0,1926000000.0,32760000000,16618000000.0,9508000000.0,1579000000.0,6891000000.0,0.0,1749000000.0,105.54000091552734,105.98999786376952,105.0999984741211,100.86325073242188,4885600.0,2076000000.0,35217000000,3.9884393063583814,8470000000.0,-17034900000.0,0.8617496459309293,0.12528445006321112,0.0,24.57904085257549,0.45102952391328033,1.0,0.38157707925149786,0.19417545888134125,0.06972437084649744,0.03384992509101848,0.03954303750271973,1.3230891719745224,0.16818685407406772,0.05109119815002168,0.03954303750271973,83975084.46827573,-5.920976978580554e-09,-0.00014204885875845896,-0.038921955045237024,0.006198996092017907,0.0,0.07920497981456957,0.006950771007599512
47,V,2018-09-30,20609000000,5916000000,2133000000.0,0.0,0.0,612000000.0,11305000000.0,2505000000,10301000000,2025000000.0,8162000000.0,8162000000.0,12941000000,35219000000,3377000000.0,1290000000.0,2472000000.0,718000000.0,4082000000.0,34006000000,16630000000.0,11318000000.0,1918000000.0,7192000000.0,0.0,0.0,150.88999938964844,151.55999755859375,150.61000061035156,145.2024383544922,9802100.0,2025000000.0,35219000000,4.66320987654321,9110000000.0,-19760100000.0,0.712940948129458,0.1451711699448717,0.0,20.522875816993466,0.4581978747149304,1.0,0.23174990772026463,0.26886942675159237,0.0625940123247125,0.028679991094065986,0.03211523118612245,1.3240445859872612,0.1197782830820763,0.0571656050955414,0.032115231186122445,62739993.23454309,-7.348264348585897e-09,-0.04779261416062227,-0.04180390871125448,0.008752465630427274,0.0,0.07155189216824838,0.0073807026721445955
48,V,2019-09-30,22977000000,6401000000,2301000000.0,0.0,0.0,533000000.0,13415000000.0,2804000000,12080000000,1974000000.0,7838000000.0,12666000000.0,12784000000,37890000000,3565000000.0,1672000000.0,2695000000.0,756000000.0,2157000000.0,34684000000,16729000000.0,13502000000.0,2269000000.0,8607000000.0,0.0,0.0,174.1699981689453,175.4499969482422,172.00999450683594,166.7190399169922,16464000.0,1974000000.0,37890000000,5.541033434650456,10876000000.0,-19407900000.0,0.7214170692431562,0.13881515444015444,0.0,26.78236397748593,0.4760412586499543,1.0,0.33428345209817895,0.24973730297723293,0.07276842059450755,0.029804351939683706,0.03323575662029534,1.2712006079027356,0.11513099454589416,0.05295971978984238,0.033235756620295334,65235500.42883558,-8.590266845820113e-09,-0.04677752556259104,0.00833724491222465,0.009514437566326138,0.0,0.04088499119599515,0.007409583270427677
49,V,2020-09-30,21846000000,6619000000,2067000000.0,0.0,0.0,516000000.0,14510000000.0,2924000000,10866000000,1939000000.0,16289000000.0,20935000000.0,10440000000,44709000000,3508000000.0,1711000000.0,2737000000.0,736000000.0,231000000.0,36210000000,24070000000.0,14088000000.0,2664000000.0,8114000000.0,0.0,2999000000.0,200.8500061035156,202.5399932861328,198.88999938964844,195.04476928710932,9157600.0,1939000000.0,44709000000,5.012893243940176,10778000000.0,-19872800000.0,0.6970154719399433,0.13574571484862416,0.0,25.503875968992247,0.444932710793738,1.0,0.4682502404437585,0.26656534954407296,0.07832097409136685,0.022984113116419465,0.025701244192614613,1.8290273556231003,0.11821779080325172,0.05592705167173252,0.025701244192614613,55259108.14934286,-9.81465970004777e-09,-0.005308492063171559,-0.0044217213070641415,0.0070667945655086654,0.0,0.030558088478692208,0.007428025990890378
50,V,2021-09-30,23774000000,7165000000,2121000000.0,0.0,0.0,513000000.0,15739000000.0,3752000000,12311000000,1932000000.0,16487000000.0,16487000000.0,15227000000,45307000000,4010000000.0,2051000000.0,2715000000.0,705000000.0,1705000000.0,37589000000,20977000000.0,15351000000.0,2798000000.0,8676000000.0,0.0,999000000.0,227.5800018310547,228.7899932861328,222.6300048828125,218.5429534912109,7128500.0,1932000000.0,45307000000,5.291407867494824,11474000000.0,-22926200000.0,0.698620341549592,0.12770184839544826,0.0,28.241715399610136,0.4300075712963742,1.0,0.3638952038316375,0.2767807840971839,0.08627071590813494,0.021865883624974103,0.024212209924707673,1.4478879072335726,0.1073053501964913,0.048660960795140804,0.024212209924707673,52502264.73424798,-9.532454287723692e-09,-0.007598909231188074,-0.015344562451193366,0.007282553438528859,0.0,0.02985502839530433,0.007988929341078733
51,V,2022-09-30,28991000000,8381000000,2530000000.0,0.0,0.0,538000000.0,20853000000.0,3179000000,14957000000,1890000000.0,15689000000.0,15689000000.0,18849000000,49920000000,6459000000.0,2210000000.0,3223000000.0,970000000.0,2136000000.0,35581000000,45717000000.0,16116000000.0,3203000000.0,11589000000.0,0.0,2250000000.0,180.05999755859375,182.9199981689453,177.60000610351562,175.5299835205078,9472300.0,1890000000.0,49920000000,7.5994708994709,14792000000.0,-26452900000.0,0.7109102825014659,0.1227559437166424,0.0,33.605947955390334,0.4954296160877514,1.0,0.31428285256410254,0.35724557522123895,0.07623055430995826,0.037631821201545054,0.043294431794799464,2.5285951327433627,0.15047399813384316,0.053650442477876106,0.043294431794799464,84270502.98373552,-6.6355667439300724e-09,0.004631603520507547,0.016832301764671136,0.007963875673335395,0.0,0.03774582508893662,0.007722434262877807
52,V,2023-09-30,31986000000,9445000000,2671000000.0,0.0,0.0,-644000000.0,23098000000.0,3764000000,17273000000,1849000000.0,16286000000.0,16286000000.0,20755000000,51766000000,4769000000.0,2497000000.0,3425000000.0,1059000000.0,1921000000.0,38733000000,41713000000.0,18040000000.0,3751000000.0,12101000000.0,0.0,0.0,229.2400054931641,231.3699951171875,228.7700042724609,230.34915161132807,5175200.0,1849000000.0,51766000000,9.05895078420768,15852000000.0,-28491900000.0,0.7047145626211467,0.11849518654895523,0.0,-30.854037267080745,0.523666604139311,0.9,0.31460804388981184,0.2400100654252642,0.07806540361408117,0.035065199611394336,0.03932704210473064,2.099295420231505,0.12154051711005888,0.0532964267740312,0.03932704210473063,68817271.03882432,-8.08472413602912e-09,0.002031407023851591,0.03121967761431227,0.007647545201163213,0.0,0.04160310346098488,0.004437654609629405
53,UNH,2009-12-31,87138000000,146068000000,12734000000.0,0.0,436000000.0,551000000.0,22163000000.0,1986000000,3822000000,1147000000.0,9800000000.0,11039000000.0,5625000000,35439000000,-11039000000.0,1954000000.0,946000000.0,739000000.0,13311000000.0,23606000000,9009000000.0,23342000000.0,36000000.0,1801000000.0,0.0,2164000000.0,30.950000762939453,31.14999961853028,30.450000762939453,24.64818000793457,5354200.0,1147000000.0,35439000000,-64.69136878814298,1837000000.0,-14856100000.0,-0.6762835961348665,-0.21608688274223656,-0.007398608518581368,-130.06170598911072,-0.8515343478161078,0.5,0.3114929879511273,0.15403828979682965,0.022424200693153387,-1.164659572766198,-2.6245900819986705,-0.10204567078972407,1.2535255308681943,-0.010312011609734316,-2.6245900819986705,74528829.28510931,-1.659128573982039e-09,0.0,0.0,0.0,0.0,0.0,0.0
54,UNH,2010-12-31,94155000000,155304000000,14270000000.0,0.0,398000000.0,481000000.0,23700000000.0,2749000000,4634000000,1086000000.0,9123000000.0,11195000000.0,6273000000,37238000000,-11195000000.0,2061000000.0,2200000000.0,878000000.0,14707000000.0,25825000000,22284000000.0,25562000000.0,449000000.0,2517000000.0,0.0,2480000000.0,36.040000915527344,36.209999084472656,35.790000915527344,29.55582427978516,2828000.0,1086000000.0,37238000000,-72.4208103130755,2966000000.0,-14844700000.0,-0.6494503743826668,-0.23336440497800454,-0.006508691883759342,-156.7962577962578,-0.8353141097127078,0.6,0.3006337612116655,0.1484373964120447,0.021889437629440817,-1.134323081527103,-2.450305889882017,-0.22598572123965602,1.1601481357350578,-0.011641628767286758,-2.450305889882017,100352471.0366007,-1.9910017905235646e-09,0.008944407250733236,0.00540674603446667,0.008638761117883989,0.0004449583174110129,0.002800446692392475,0.00026738153185628527
55,UNH,2011-12-31,101862000000,167742000000,15557000000.0,0.0,386000000.0,505000000.0,23922000000.0,2817000000,5142000000,1039000000.0,9429000000.0,12006000000.0,6968000000,39597000000,-12006000000.0,2294000000.0,2515000000.0,1067000000.0,16166000000.0,28292000000,14131000000.0,27821000000.0,651000000.0,2994000000.0,0.0,982000000.0,51.2400016784668,51.70000076293945,51.11000061035156,42.69679641723633,6021000.0,1039000000.0,39597000000,-81.57747834456208,3645000000.0,-15089800000.0,-0.6467573776285562,-0.23614146933819066,-0.005859137826350941,-161.26138613861386,-0.8320963656712023,0.7,0.30320478824153346,0.14742684529145228,0.022520665213720523,-1.0095288032763214,-1.9106229316921293,-0.14330480285575206,0.8925888250948365,-0.013102152584206196,-1.9106229316921295,85369402.5280207,-2.8295137388988805e-09,0.009842072835436774,0.006479327381635184,0.008871999051965528,0.0006310346092520604,0.0029078900086707215,0.00027763389186222595
56,UNH,2012-12-31,110618000000,181596000000,17306000000.0,0.0,449000000.0,632000000.0,27116000000.0,3096000000,5526000000,1019000000.0,8406000000.0,11437000000.0,7155000000,47586000000,0.0,2709000000.0,3939000000.0,1070000000.0,17711000000.0,31178000000,21334000000.0,30664000000.0,820000000.0,3084000000.0,0.0,2713000000.0,53.630001068115234,54.2599983215332,53.4900016784668,45.64039993286133,4948700.0,1019000000.0,47586000000,-90.2963689892051,3904000000.0,-15483000000.0,-0.6416496411072339,-0.24382202936121053,-0.00632590380117783,-139.68987341772151,-0.8317995262977093,0.8,0.2403437985962258,-0.0,0.024489685223019763,-0.9778776850937558,-1.9784307131846854,-0.2163516144734707,1.0231883223667178,-0.012119976439671968,-1.9784307131846854,85538251.32432942,-2.9477749746729526e-09,0.0026002444251443193,0.001171527804999517,0.010142739313747155,0.0005582237158946017,0.06498664887326432,0.000987366411509878
57,UNH,2013-12-31,122489000000,202156000000,18941000000.0,0.0,445000000.0,708000000.0,27881000000.0,3242000000,5625000000,988000000.0,7276000000.0,9213000000.0,6991000000,48558000000,0.0,3052000000.0,4010000000.0,1307000000.0,19605000000.0,32149000000,19565000000.0,33047000000.0,1056000000.0,3170000000.0,0.0,1969000000.0,75.0,75.54000091552734,74.62999725341797,64.37261962890625,2280000.0,988000000.0,48558000000,-103.80364372469636,4226000000.0,-16496400000.0,-0.6504012605213529,-0.23775214329647157,-0.005585750687235619,-139.27683615819208,-0.8372833478924638,0.9,0.18973186704559497,-0.0,0.02491652311636147,-0.9144052541166351,-1.6125434124492857,-0.19841189355833197,0.7634887870445252,-0.013254502677267565,-1.6125434124492857,65649029.42216651,-3.9022222805525e-09,-0.0012146276309322375,-0.0017289940737538572,0.00932539784129159,0.0006243928443093851,0.0735032958711756,0.001214833686928992
58,UNH,2014-12-31,130474000000,26943000000,21263000000.0,0.0,532000000.0,618000000.0,30623000000.0,4037000000,5619000000,954000000.0,7495000000.0,9236000000.0,8051000000,52540000000,0.0,9750000000.0,4418000000.0,1525000000.0,18827000000.0,32454000000,20433000000.0,33836000000.0,1362000000.0,4008000000.0,0.0,1399000000.0,103.12000274658205,103.68000030517578,101.02999877929688,87.84039306640625,2313900.0,954000000.0,52540000000,81.35534591194968,5370000000.0,-15793400000.0,0.7934990879408924,0.20537809931324918,0.005138557533492384,133.11974110032364,0.5948541471864126,1.0,0.17578987438142368,0.0,0.07472753192206877,0.5692617783681243,0.9261723800626217,0.2483711771284096,0.6269709565213321,0.018536976710264014,0.9261723800626216,61133606.22077757,-5.561841849532479e-09,0.47838290968270875,0.47555122449470727,0.17729235032813725,0.004495330789906126,0.0724723470882781,0.02054119892022794
59,UNH,2015-12-31,157107000000,42211000000,24312000000.0,0.0,613000000.0,790000000.0,42898000000.0,4363000000,5813000000,953000000.0,10923000000.0,12911000000.0,9740000000,75793000000,0.0,13324000000.0,4861000000.0,1556000000.0,18792000000.0,35461000000,39912000000.0,37125000000.0,1786000000.0,1200000000.0,0.0,6634000000.0,118.63999938964844,119.37000274658205,117.36000061035156,103.88995361328124,2372500.0,953000000.0,75793000000,89.64428121720881,2986000000.0,-32458600000.0,0.7313232383025581,0.2116000557025484,0.005335259713131876,114.66329113924051,0.543775897954897,1.0,0.17034554642249283,0.0,0.0848084426537328,0.48873534622592235,0.8628772860068804,0.4406076128234567,0.7655307574337125,0.017177426477082047,0.8628772860068804,28741951.42212742,-3.2006911454369946e-09,0.4605748329413037,0.4603530819491202,0.21936462669305226,0.005472983946851175,0.058970738116580906,0.027529708054847904
60,UNH,2016-12-31,184840000000,54872000000,28401000000.0,0.0,698000000.0,1067000000.0,49252000000.0,4790000000,7017000000,952000000.0,10430000000.0,13275000000.0,9795000000,82621000000,0.0,15651000000.0,5901000000.0,1705000000.0,23868000000.0,40189000000,41921000000.0,40945000000.0,2261000000.0,1280000000.0,0.0,7193000000.0,161.1300048828125,162.27000427246094,159.14999389648438,145.05911254882812,3539700.0,952000000.0,82621000000,100.53571428571429,3541000000.0,-31777000000.0,0.7031378489504436,0.21852302105133573,0.00537055275144651,95.18931583880037,0.5177991776671717,1.0,0.1606734365355055,0.0,0.08467323090240207,0.4336316671927004,0.6930672090791478,0.4127423277245562,0.5982855070664326,0.01678694851674264,0.6930672090791478,24410738.062443815,-4.5649089765814306e-09,-0.030120412996816264,-0.025684989839746986,0.22178530931890383,0.0055106628634562374,0.0,0.028017164611156626
61,UNH,2017-12-31,201159000000,55914000000,29557000000.0,0.0,799000000.0,1186000000.0,50463000000.0,3200000000,10558000000,969000000.0,11981000000.0,15490000000.0,13596000000,87036000000,0.0,15830000000.0,7013000000.0,2023000000.0,28341000000.0,52022000000,36886000000.0,48730000000.0,2773000000.0,1500000000.0,0.0,2857000000.0,221.0200042724609,222.4499969482422,220.0,201.7102813720703,3485000.0,969000000.0,87036000000,114.86274509803921,4273000000.0,-29138400000.0,0.7220407737163139,0.20349753864160555,0.00550104995008434,97.54468802698145,0.5533036056055161,1.0,0.17797233328737533,0.0,0.07869396845281593,0.39399877701891367,0.5694441766513921,0.31884032916119215,0.4452942746673965,0.0174866883341401,0.5694441766513921,21183848.294366904,-6.922489957309609e-09,-0.003094154862081385,0.003175902550206352,0.1790781393294577,0.004370385173831043,0.0,0.022645518179990352
62,UNH,2018-12-31,226247000000,63500000000,34074000000.0,0.0,924000000.0,1400000000.0,53209000000.0,3562000000,11986000000,960000000.0,10866000000.0,14324000000.0,15713000000,95994000000,0.0,18250000000.0,8458000000.0,2063000000.0,32510000000.0,56227000000,38564000000.0,55846000000.0,3320000000.0,4500000000.0,0.0,1973000000.0,248.0599975585937,250.27999877929688,246.94000244140625,230.27540588378903,3123200.0,960000000.0,95994000000,128.865625,7820000000.0,-32868400000.0,0.7193332950271164,0.20936791461593762,0.005677524009659164,91.90928571428572,0.5467962006126048,1.0,0.14921765943704815,0.0,0.08066405300401773,0.3901836508321825,0.5596152333568503,0.29970545491284106,0.4342354738936512,0.01603288957279305,0.5596152333568502,33959336.51701584,-7.0059816079818015e-09,0.005398482025557594,0.009665674315144387,0.005267105234348638,0.00017918481620608068,0.0,0.003804228979632545
63,UNH,2019-12-31,242155000000,66030000000,35193000000.0,0.0,995000000.0,1704000000.0,61782000000.0,3742000000,13839000000,948000000.0,10985000000.0,14245000000.0,18463000000,111727000000,0.0,21462000000.0,8704000000.0,2071000000.0,37209000000.0,62162000000,48104000000.0,61178000000.0,3932000000.0,5500000000.0,0.0,3870000000.0,293.6600036621094,294.0899963378906,291.1499938964844,276.337646484375,2224200.0,948000000.0,111727000000,142.91772151898735,9432000000.0,-41362600000.0,0.7273234085606326,0.19981831085876509,0.0056493967352732434,82.70657276995306,0.559501145960232,1.0,0.12749827705031014,0.0,0.0886291837872437,0.3625576145801375,0.5171851296311463,0.34336209911704035,0.4264908771260431,0.014695030227343683,0.5171851296311463,34132157.23588829,-6.680857743090981e-09,0.0017608782814395596,0.0020658467849053266,0.006499262848328598,0.00013964451497424808,0.0,0.003479579289009414
64,UNH,2020-12-31,257141000000,75340000000,41704000000.0,0.0,1000000000.0,1663000000.0,72420000000.0,4973000000,15403000000,946000000.0,16921000000.0,19781000000.0,22174000000,126750000000,0.0,25404000000.0,8626000000.0,2051000000.0,41242000000.0,70539000000,56120000000.0,69295000000.0,4584000000.0,4250000000.0,0.0,4819000000.0,345.0400085449219,351.0899963378906,344.04998779296875,335.0597839355469,1969000.0,946000000.0,126750000000,141.07928118393235,8834000000.0,-43678600000.0,0.7070089950649644,0.2293936777025429,0.005500519799121017,84.24353577871317,0.519018748468739,1.0,0.1560631163708087,0.0,0.0987940468458939,0.3007798521707659,0.4210570410057651,0.400579598421094,0.39988446023543,0.014639856670735276,0.4210570410057651,26365444.089522053,-7.671028465553998e-09,-0.004108099987384002,-0.009259150714621947,0.010701691356772338,0.00011195398924343962,0.0,0.007124435156245496
65,UNH,2021-12-31,287597000000,76716000000,42579000000.0,0.0,1000000000.0,1660000000.0,78292000000.0,4578000000,17285000000,941000000.0,21375000000.0,23907000000.0,22343000000,135727000000,2900000000.0,28082000000.0,8969000000.0,2454000000.0,43114000000.0,76479000000,46488000000.0,77134000000.0,5280000000.0,5000000000.0,0.0,3620000000.0,504.1400146484375,506.8699951171875,502.0400085449219,486.5191345214844,1695400.0,941000000.0,135727000000,172.22529224229544,10280000000.0,-42996600000.0,0.7332517376745933,0.2019100819893684,0.004742010897141042,101.38674698795181,0.5635107459396308,1.0,0.17614034053651817,0.01723093011372414,0.09764357764510756,0.2730457743479044,0.35399489973130766,12.204778156996587,0.2964672336597344,0.014580931896234151,0.35399489973130766,21129693.100582547,-1.1315293174843694e-08,0.0019761097046535614,0.0013365333264662531,0.010776640141309397,0.0003439445304627816,0.006892372045489656,0.008323562064343119
66,UNH,2022-12-31,324162000000,84885000000,47782000000.0,0.0,1100000000.0,2092000000.0,89237000000.0,5704000000,20120000000,934000000.0,23365000000.0,27911000000.0,26206000000,159358000000,3500000000.0,30450000000.0,10128000000.0,2802000000.0,43728000000.0,86347000000,58774000000.0,86156000000.0,5991000000.0,7000000000.0,0.0,3110000000.0,525.1300048828125,525.6300048828125,512.1599731445312,508.9412841796875,3525600.0,934000000.0,159358000000,196.6798715203426,12991000000.0,-59583400000.0,0.7381401891646769,0.1996932425598783,0.0045971823451480915,91.5368068833652,0.5666888777833305,1.0,0.17514652543330111,0.01827723961461135,0.0939345142243693,0.28942232402437207,0.38644904163621074,15.430296665791547,0.3352426870971713,0.014632235828611713,0.3864490416362107,25525537.824935775,-8.541662345211712e-09,0.010377064699904182,0.01589004310486386,0.011247962298175252,0.00046645225580491903,0.00870398089408183,0.006657253006915593
67,UNH,2023-12-31,371622000000,97370000000,54628000000.0,0.0,1100000000.0,3246000000.0,99054000000.0,5968000000,22381000000,924000000.0,25427000000.0,29628000000.0,29068000000,174801000000,2800000000.0,38970000000.0,11450000000.0,3386000000.0,47609000000.0,98919000000,63623000000.0,95774000000.0,6761000000.0,8000000000.0,0.0,4274000000.0,526.8400268554688,539.6599731445312,526.6699829101562,537.2222290039062,3415700.0,924000000.0,174801000000,227.71645021645023,14761000000.0,-62698000000.0,0.737986448595616,0.19918906698948413,0.004010909674314134,67.65988909426987,0.5661936053301473,1.0,0.16949559785127088,0.012749062033293264,0.10486462050147731,0.3134859571752599,0.4238775648555571,16.70333420845366,0.35214211403600704,0.015417258587403927,0.4238775648555571,27476524.989238057,-8.56841093821025e-09,0.0015782369736742445,0.0008942864635054967,0.01173344672692737,0.000604873572218073,0.008096282354063665,0.00537950930768124
68,JNJ,2010-12-31,61236000000,40285000000,19801000000.0,6986000000.0,0.0,451000000.0,21731000000.0,3489000000,12266000000,2758000000.0,15810000000.0,19425000000.0,16571000000,44094000000,5180000000.0,9646000000.0,14759000000.0,2365000000.0,0.0,50588000000,8257000000.0,70306000000.0,5804000000.0,2130000000.0,19780000000.0,34000000.0,61.900001525878906,62.09000015258789,61.75,42.22330474853516,4981400.0,2758000000.0,44094000000,-1.011602610587382,7934000000.0,-11410400000.0,0.342135345221765,0.9451100186148632,0.0,2.549889135254989,-0.04556143445032334,0.1,0.4405361273642672,4.504347826086956,0.15752171925011432,-0.017378210488127613,-0.023958394934079086,-18.26769911504425,0.37864568681838107,2.0565217391304347,-0.023958394934079082,187905708.64245892,-3.700422837808943e-09,0.0,0.0,0.0,0.0,0.0,0.0
69,JNJ,2011-12-31,61002000000,39161000000,19424000000.0,6844000000.0,0.0,455000000.0,23072000000.0,3613000000,13334000000,2743000000.0,19355000000.0,27658000000.0,16385000000,46329000000,5378000000.0,9774000000.0,14553000000.0,2384000000.0,0.0,56579000000,9169000000.0,77773000000.0,6156000000.0,2797000000.0,20783000000.0,13000000.0,65.58999633789062,66.0,65.25,46.61121368408203,16116200.0,2743000000.0,46329000000,-0.6018957345971564,8953000000.0,-5252200000.0,0.3580374413953641,0.8893365688384232,0.0,5.312087912087912,-0.027064686403724468,0.1,0.5969910854972048,2.2250724038063714,0.1602242549424609,-0.009478506514591652,-0.012913110108581165,-8.411926605504588,0.3623570431377691,0.9863467107985106,-0.012913110108581165,192078242.3877861,-8.874607532858998e-09,0.005300698724533037,0.006165582682199623,0.027886724888220027,0.0,1.1396377111402924,0.0013512678461732874
70,JNJ,2012-12-31,64449000000,43932000000,20969000000.0,7548000000.0,0.0,571000000.0,22811000000.0,2689000000,9672000000,2728500000.0,24542000000.0,32261000000.0,14298000000,56564000000,6285000000.0,10581000000.0,14739000000.0,2893000000.0,0.0,57080000000,12969000000.0,81251000000.0,6614000000.0,2525000000.0,21659000000.0,42000000.0,69.23999786376953,70.11000061035156,69.18000030517578,51.43203353881836,12770000.0,2728500000.0,56564000000,-1.3604544621586951,9139000000.0,-9747900000.0,0.3183447376995764,1.0220305112833261,0.0,-0.7915936952714536,-0.0575959285636705,0.1,0.5703450958206633,-13.904867256637168,0.16417632546664804,-0.018852563170638298,-0.02645150052509379,-11.89816513761468,0.4030718415143872,-6.400442477876106,-0.026451500525093787,177690815.84344384,-5.2762167788773334e-09,-0.007930202507396197,-0.004011498037782386,0.054400900987121484,0.0,8.193962885104016,0.002732649192708325
71,JNJ,2012-12-31,64449000000,43932000000,20969000000.0,7548000000.0,0.0,571000000.0,24262000000.0,2689000000,9672000000,2771900000.0,14911000000.0,21089000000.0,14298000000,56521000000,7495000000.0,11309000000.0,16097000000.0,2893000000.0,0.0,64826000000,13001000000.0,85992000000.0,6614000000.0,2525000000.0,18476000000.0,1512000000.0,69.23999786376953,70.11000061035156,69.18000030517578,51.43203353881836,12770000.0,2771900000.0,56521000000,-1.3391536491215412,9139000000.0,-19417900000.0,0.3183447376995764,1.0220305112833261,0.0,-0.7915936952714536,-0.0575959285636705,0.2,0.37311795615788823,-16.581858407079647,0.17547207869788514,-0.018645259760456022,-0.02603734592976601,-11.927522935779816,0.39645927513370277,-6.400442477876106,-0.02603734592976601,177690815.84344384,-2.6486918533321503e-09,-0.013230901231929234,-0.01017708071998201,0.055990828940899795,0.0,9.386706928266944,0.006844303832089789
72,JNJ,2012-12-31,66634000000,46855000000,20869000000.0,8828000000.0,0.0,532000000.0,22811000000.0,3261000000,10853000000,2728500000.0,24542000000.0,32261000000.0,15396000000,56564000000,6285000000.0,10581000000.0,14739000000.0,2934000000.0,0.0,57080000000,12969000000.0,81251000000.0,6614000000.0,12919000000.0,21659000000.0,42000000.0,69.23999786376953,70.11000061035156,69.18000030517578,51.43203353881836,12770000.0,2728500000.0,56564000000,-1.7896280007330034,19533000000.0,-9747900000.0,0.2968304469189903,1.0551089539410485,0.0,-2.0488721804511276,-0.07328090764474593,0.3,0.5703450958206633,-5.76605504587156,0.15879280847615332,-0.024799856132065413,-0.034795979812508884,-11.89816513761468,0.4030718415143872,-2.691743119266055,-0.034795979812508884,379782766.80927765,-5.2762167788773334e-09,-0.007171430260195362,-0.005228326360358478,0.060639321559744885,0.0,8.396011984113771,0.0065126244671662
73,JNJ,2012-12-31,66634000000,46855000000,20869000000.0,8828000000.0,0.0,532000000.0,24262000000.0,3261000000,10853000000,2771900000.0,14911000000.0,21089000000.0,15396000000,56521000000,7495000000.0,11309000000.0,16097000000.0,2934000000.0,0.0,64826000000,13001000000.0,85992000000.0,6614000000.0,12919000000.0,18476000000.0,1512000000.0,69.23999786376953,70.11000061035156,69.18000030517578,51.43203353881836,12770000.0,2771900000.0,56521000000,-1.7616075616003464,19533000000.0,-19417900000.0,0.2968304469189903,1.0551089539410485,0.0,-2.0488721804511276,-0.07328090764474593,0.4,0.37311795615788823,-6.876146788990826,0.16971816189933067,-0.02452715609113867,-0.03425117461612269,-11.927522935779816,0.39645927513370277,-2.691743119266055,-0.03425117461612269,379782766.80927765,-2.6486918533321503e-09,-0.007171430260195362,-0.005228326360358478,0.061498964389007274,0.0,6.6205441164945675,0.0061911404680118865
74,JNJ,2013-12-31,71061000000,47402000000,21830000000.0,8763000000.0,0.0,482000000.0,25675000000.0,1640000000,13831000000,2820000000.0,20927000000.0,29206000000.0,17414000000,58630000000,7878000000.0,11713000000.0,16710000000.0,3595000000.0,0.0,74053000000,15097000000.0,89493000000.0,7286000000.0,3538000000.0,15700000000.0,1769000000.0,92.16999816894533,92.22000122070312,91.1500015258789,69.24004364013672,6348200.0,2820000000.0,58630000000,-0.10390070921985815,10824000000.0,-12772600000.0,0.33293930566696217,0.9226932668329177,0.0,3.7946058091286305,-0.0041232180802409195,0.5,0.4981408835067372,4.307271733187534,0.164830216293044,-0.001154057075735138,-0.0015005869978919181,8.254237288135593,0.3002710432983043,1.9655549480590486,-0.0015005869978919181,156325724.6956095,-5.420982700478893e-09,0.012036286249323958,0.023052563188168337,0.04865401859221007,0.0,7.293292063576104,0.005628414776556587
75,JNJ,2014-12-31,73642000000,47576000000,21954000000.0,8672000000.0,0.0,533000000.0,25031000000.0,4240000000,16323000000,2794800000.0,14523000000.0,33089000000.0,18710000000,60606000000,8184000000.0,10985000000.0,16126000000.0,3714000000.0,708000000.0,69752000000,15129000000.0,97245000000.0,7768000000.0,7124000000.0,19891000000.0,7000000.0,105.61000061035156,106.11000061035156,104.54000091552734,81.24444580078125,6202100.0,2794800000.0,60606000000,-0.23651066265922427,14892000000.0,-10703800000.0,0.353955623149833,0.8422466047725006,0.0,7.714821763602251,-0.008975856169033975,0.6,0.5459690459690459,1.990272373540856,0.14916759457918036,-0.002297787910244248,-0.002911099464438097,8.133870967741936,0.2669139094428673,0.9032101167315175,-0.002911099464438097,183298684.02963245,-7.59024325947619e-09,0.01904172541028089,0.021435017158570654,0.08403303186747918,0.0,7.3874969938804265,0.009069674008170102
76,JNJ,2015-12-31,69418000000,46068000000,21203000000.0,9270000000.0,0.0,552000000.0,27747000000.0,3787000000,15409000000,2762800000.0,13732000000.0,38376000000.0,19569000000,62261000000,8053000000.0,10734000000.0,15905000000.0,3463000000.0,1514000000.0,71150000000,14961000000.0,103879000000.0,8173000000.0,5290000000.0,22684000000.0,2104000000.0,103.37000274658205,103.62000274658205,102.69000244140624,82.17237091064453,4592600.0,2762800000.0,62261000000,-0.7933980020269292,13463000000.0,-6576300000.0,0.33636808896827913,0.908051391862955,0.0,3.8894927536231885,-0.03157682445475237,0.6,0.616373010391738,3.750815090824406,0.15462848252614594,-0.00757725482228958,-0.009655289159049361,13.112182296231376,0.2742463313556443,1.6129482999534235,-0.009655289159049361,163838524.44320816,-1.2495228458349609e-08,0.0011429277671056541,-0.00915120212483715,0.08484262156340198,0.0,4.811768267078062,0.007263416922458222
77,JNJ,2016-12-31,70875000000,44578000000,20067000000.0,9124000000.0,0.0,726000000.0,26287000000.0,3263000000,16540000000,2714500000.0,18972000000.0,41907000000.0,18767000000,70790000000,8144000000.0,11699000000.0,15912000000.0,3226000000.0,900000000.0,70418000000,24146000000.0,110551000000.0,8621000000.0,8979000000.0,28352000000.0,1700000000.0,115.77999877929688,116.0,115.2300033569336,95.28694152832033,5953000.0,2714500000.0,70790000000,0.8255664026524222,17600000000.0,-11369400000.0,0.37103350970017634,0.7630908468646613,0.0,8.581267217630854,0.031619047619047616,0.6,0.5919903941234638,1.307223113964687,0.1650652557319224,0.006802320441500952,0.008664003581299278,21.162138475021912,0.27368354016964563,0.517817014446228,0.008664003581299278,184705267.24555522,-8.381000011286465e-09,0.005692628850114456,0.013531634596027195,0.09664641562518693,0.0,4.038800469527804,0.0075802303009971685
78,JNJ,2017-12-31,75300000000,51920000000,21520000000.0,10962000000.0,0.0,934000000.0,30537000000.0,16373000000,1300000000,2684800000.0,17824000000.0,18296000000.0,21056000000,97143000000,8765000000.0,13490000000.0,17005000000.0,3279000000.0,758000000.0,60160000000,32174000000.0,101793000000.0,8943000000.0,6358000000.0,31554000000.0,1500000000.0,139.66000366210938,139.9499969482422,138.72000122070312,117.50272369384766,6842100.0,2684800000.0,97143000000,-5.753501191895113,15301000000.0,-59513500000.0,0.3104913678618858,0.9204448246364414,0.0,1.9914346895074946,-0.2051394422310757,0.5,0.18834089949867722,4.712365591397849,0.17915006640106243,-0.03743689816202883,-0.048964832567505515,28.198071866783522,0.3079297423516015,1.7629032258064516,-0.04896483256750551,130218258.08792846,-1.9743877220100927e-09,-0.00862557370213111,-0.057854205925441105,0.061579975510850087,0.0,1.3313015829980885,0.010285189716425796
79,JNJ,2018-12-31,80311000000,56630000000,22540000000.0,11901000000.0,0.0,1005000000.0,31230000000.0,2702000000,15297000000,2678200000.0,18107000000.0,19687000000.0,22201000000,93202000000,8599000000.0,14098000000.0,17035000000.0,3670000000.0,517000000.0,59752000000,30320000000.0,106216000000.0,9494000000.0,5868000000.0,34362000000.0,2636000000.0,128.17999267578125,129.5500030517578,127.41999816894533,111.8653793334961,7409900.0,2678200000.0,93202000000,-0.9581061907251139,15362000000.0,-54013100000.0,0.29486620761788546,0.9518179130948862,0.0,1.135323383084577,-0.03195079129882582,0.5,0.2112293727602412,7.536371603856266,0.17554257822714198,-0.006532588904139473,-0.008564814211810625,26.573181419807188,0.31109034067387914,3.2164767747589833,-0.008564814211810625,137325775.78092673,-2.0710786704243245e-09,-0.02538910069409696,-0.021189946305957812,0.06727907636170469,0.0,2.2030300088434527,0.011568836009089319
80,JNJ,2019-12-31,81474000000,55596000000,22178000000.0,12245000000.0,0.0,318000000.0,35964000000.0,2209000000,15119000000,2631900000.0,17305000000.0,20435000000.0,23416000000,98257000000,9020000000.0,14481000000.0,17658000000.0,3498000000.0,1149000000.0,59471000000,27594000000.0,110659000000.0,9917000000.0,6746000000.0,38417000000.0,1100000000.0,145.10000610351562,146.00999450683594,144.77999877929688,130.00997924804688,4435000.0,2631900000.0,98257000000,0.4456856263535849,16663000000.0,-57046600000.0,0.31762279991162823,0.8570214081459154,0.0,11.635220125786164,0.014397231018484424,0.5,0.20797500432539157,2.437837837837838,0.17773768318727448,0.0026633047155454523,0.0034280878201146266,7.457837837837838,0.28715569048678846,0.9454054054054054,0.003428087820114627,128167084.52978486,-2.2790136353094993e-09,0.0023771440165808086,0.0731788910831867,0.0659942519864853,0.0,2.133252703011693,0.009317172841134121
81,JNJ,2020-12-31,82174000000,55691000000,22084000000.0,12340000000.0,0.0,201000000.0,42493000000.0,1783000000,14714000000,2632200000.0,13985000000.0,26666000000.0,23536000000,111616000000,9344000000.0,13576000000.0,18766000000.0,3347000000.0,0.0,63278000000,34434000000.0,113890000000.0,10481000000.0,3221000000.0,38490000000.0,1799000000.0,156.52999877929688,157.66000366210938,155.11000061035156,144.0818634033203,5099900.0,2632200000.0,111616000000,0.9174834739001596,13702000000.0,-65664000000.0,0.32227955314333,0.8338934410754069,0.0,21.885572139303484,0.029388857789568477,0.5,0.2389084002293578,2.124119117981359,0.1652104071847543,0.004919853439739564,0.006367792949289525,7.827688110934303,0.2943054152496479,0.7608547397135713,0.006367792949289525,95098714.55260651,-2.194229157579805e-09,0.009137781841814852,0.02044654969613143,0.06637455575310817,0.0,2.2589939723027315,0.006153358268206447
82,JNJ,2021-12-31,93356000000,60455000000,24659000000.0,15614000000.0,0.0,183000000.0,45226000000.0,1898000000,20878000000,2631800000.0,14487000000.0,33492000000.0,23410000000,107995000000,10387000000.0,15283000000.0,18962000000.0,3652000000.0,0.0,74023000000,32116000000.0,123060000000.0,11032000000.0,3456000000.0,39099000000.0,2131000000.0,172.52999877929688,172.67999267578125,171.02999877929688,160.5620880126953,4409500.0,2631800000.0,107995000000,2.3409833573979784,14488000000.0,-53290700000.0,0.3524251253267064,0.7494908969332239,0.0,45.03825136612022,0.0659946870045846,0.5,0.3101254687717024,1.2602523659305993,0.1637066712369853,0.011612208335329388,0.01457992597363882,-0.44814690779191785,0.2555687559686941,0.4430963358408153,0.014579925973638818,90233006.92785251,-3.012947625245968e-09,0.011600775138359387,0.017199151995366726,0.0706465769624781,0.0,2.2686840322583377,0.006497831796025788
83,JNJ,2022-12-31,79428000000,50533000000,20246000000.0,0.0,0.0,276000000.0,55802000000.0,2989000000,17941000000,2614100000.0,12889000000.0,24095000000.0,21194000000,110574000000,10268000000.0,16160000000.0,17982000000.0,4009000000.0,0.0,76804000000,28437000000.0,128345000000.0,11682000000.0,6035000000.0,41694000000.0,1551000000.0,176.16000366210938,178.3800048828125,176.00999450683594,171.63885498046875,6344900.0,2614100000.0,110574000000,2.059599862285299,17717000000.0,-64820600000.0,0.36378858840711087,0.7006748572417373,0.0,31.33695652173913,0.06778466032129728,0.5,0.2179083690560168,1.1871892704358886,0.20345470111295766,0.009627090934785972,0.011999613155888662,-0.37705352762566463,0.24644227806449348,0.4635217944271014,0.011999613155888662,103222548.30944932,-2.6479059894612014e-09,0.013836345087926952,0.0127986008439096,0.08733786312323999,0.0,2.3636243598693154,0.014269838979860524
84,JNJ,2023-12-31,84021000000,54349000000,21512000000.0,483000000.0,0.0,772000000.0,46282000000.0,1736000000,35153000000,2407200000.0,21859000000.0,27400000000.0,22791000000,98784000000,11181000000.0,14873000000.0,19898000000.0,4543000000.0,0.0,68774000000,27350000000.0,153843000000.0,11770000000.0,5054000000.0,75662000000.0,1469000000.0,156.92999267578125,161.63999938964844,156.7899932861328,158.76455688476562,9622100.0,2407200000.0,98784000000,2.3479561316051845,16824000000.0,-49915500000.0,0.3531498077861487,0.7249932596387166,0.0,10.569948186528498,0.06726889706144892,0.5,0.27737285390346617,1.370220588235294,0.1770152699920258,0.011751447129455849,0.014788918746577527,-0.3358424303449292,0.2584763887936862,0.5567401960784314,0.014788918746577527,105968235.79592253,-3.1806664640195054e-09,0.00024156081981409802,0.0004247366856214389,0.06140949255381617,0.0,0.5072456366076666,0.014249209179200563
85,JPM,2009-12-31,100434000000,52352000000,28705000000.0,0.0,0.0,15198000000.0,41794000000.0,4415000000,11728000000,3942000000.0,89436000000.0,89436000000.0,122797000000,1958828000000,6424000000.0,0.0,11118000000.0,163596000000.0,601856000000.0,160845000000,266318000000.0,62481000000.0,3422000000.0,0.0,7196000000.0,0.0,41.619998931884766,42.130001068115234,41.45000076293945,28.81818962097168,20143100.0,3942000000.0,1958828000000,-0.059868087265347536,3422000000.0,-1262100400000.0,0.47874225859768604,0.5970009566989726,0.0,1.2749703908409,-0.002349801859927913,0.0,0.045657913813770275,0.3315270681736079,0.0,-0.00011387601960802376,-0.0020774409514531097,-43.77350427350427,17.2430063731059,8.442793002012696,-0.0020774409514531097,118744447.3441083,-2.2833515955602012e-11,0.0,0.0,0.0,0.0,0.0,0.0
86,JPM,2010-12-31,102694000000,78018000000,30570000000.0,0.0,0.0,12781000000.0,308677000000.0,7489000000,17370000000,3910300000.0,49240000000.0,49240000000.0,-3752000000,1941499000000,7135000000.0,0.0,13355000000.0,27166000000.0,660661000000.0,176106000000,270653000000.0,73998000000.0,1486000000.0,2999000000.0,8160000000.0,0.0,42.11000061035156,42.45000076293945,42.040000915527344,29.483169555664062,12199700.0,3910300000.0,1941499000000,-6.691046722757845,4485000000.0,-1225359500000.0,0.24028667692367617,1.2388555681633977,0.0,-0.46115327439167514,-0.2547763257833953,0.0,0.025361846696804892,-1.2105531048523923,0.0,-0.012720811400358594,-0.22694462039181998,-22.86886354034643,16.840420178340395,-4.609093993892094,-0.22694462039181998,152120686.7373043,-2.406083239707536e-11,-0.07948519389133663,-0.08414217464115581,0.32092730573221256,0.0,0.771040086513,0.0
87,JPM,2011-12-31,97234000000,70523000000,32180000000.0,0.0,0.0,13604000000.0,263634000000.0,7773000000,18976000000,3772700000.0,144881000000.0,144881000000.0,95932000000,2082219000000,3651000000.0,0.0,14041000000.0,123969000000.0,696111000000.0,183573000000,256775000000.0,88315000000.0,3895000000.0,0.0,13155000000.0,0.0,34.060001373291016,35.189998626708984,34.0099983215332,24.83916473388672,44102800.0,3772700000.0,2082219000000,-7.115858668857848,3895000000.0,-1236593300000.0,0.2747084353209783,1.2047471079330614,0.0,-0.40201411349603056,-0.27609683855441514,0.1,0.06958009700228458,-0.6675809105869446,0.0,-0.012337714675630761,-0.2864773733373598,-18.886069432185938,22.219646496056917,-22.667580910586945,-0.28647737333735984,156808815.50281212,-2.008676962254827e-11,-0.06801127442556926,-0.09124901223149574,0.2948627013180655,0.0,0.6386658678673093,0.0
88,JPM,2012-12-31,97031000000,64729000000,38386000000.0,0.0,0.0,11043000000.0,321145000000.0,7633000000,21284000000,3804000000.0,175537000000.0,175537000000.0,25079000000,2155072000000,5181000000.0,0.0,14519000000.0,121477000000.0,711860000000.0,204069000000,249024000000.0,104223000000.0,5194000000.0,0.0,12002000000.0,0.0,43.09999847412109,44.0,43.04999923706055,32.15319061279297,24209600.0,3804000000.0,2155072000000,-6.508937960042061,5194000000.0,-1262180700000.0,0.33290391730477886,1.1883474707448456,0.0,-0.5509372453137734,-0.2551761808081953,0.2,0.08145296305645473,-0.8515779092702169,0.0,-0.010872129482998682,-0.20243521205800066,-18.315975286849074,17.619646903079953,-19.96663379355687,-0.2024352120580007,161539178.57014894,-2.5474316484789355e-11,0.030872413460367565,-0.00013328500826666664,0.2663417481986528,0.0,0.5719212298925218,0.0
89,JPM,2013-12-31,97367000000,70467000000,38735000000.0,0.0,0.0,9350000000.0,271976000000.0,8789000000,17886000000,3756100000.0,355822000000.0,355822000000.0,107953000000,2204511000000,12981000000.0,0.0,14891000000.0,158325000000.0,722154000000.0,211178000000,267889000000.0,115756000000.0,6056000000.0,0.0,14847000000.0,0.0,58.20000076293945,58.54999923706055,58.04999923706055,43.96414566040039,11017400.0,3756100000.0,2204511000000,-7.980085727217061,6056000000.0,-1117066300000.0,0.2762743023817104,1.4399628252788104,0.0,-1.2657754010695188,-0.3078455739624308,0.2,0.16140631641212042,-1.096831432192649,0.0,-0.012649153542705438,-0.18151349485689935,-19.703515739923507,13.349853074680658,-13.377693282636248,-0.18151349485689935,137748611.03362215,-3.9356791678703757e-11,0.0005219556869107134,-0.010582911802671882,0.28317290763094255,0.0,0.5488551071615934,0.0
90,JPM,2014-12-31,95112000000,64413000000,44295000000.0,0.0,0.0,7897000000.0,266372000000.0,8954000000,21745000000,3714800000.0,512308000000.0,512308000000.0,36593000000,2340547000000,7776000000.0,0.0,15133000000.0,169212000000.0,743151000000.0,231727000000,282342000000.0,129977000000.0,6990000000.0,0.0,17856000000.0,692582000000.0,63.29999923706055,63.4900016784668,62.58000183105469,48.309024810791016,18529400.0,3714800000.0,2340547000000,-8.196134381393346,6990000000.0,-1078173400000.0,0.3227668433005299,1.4428808755985536,0.0,-1.7216664556160568,-0.32011733535200604,0.2,0.21888387629045689,-0.5719329214474845,0.0,-0.012082117132938856,-0.1696605223039513,-20.766548984995588,13.042284182249361,-12.445719329214475,-0.16966052230395132,144693461.05364996,-4.4806359358143146e-11,-0.003379024668082986,-0.021647051514603572,0.11422679875281579,0.0,0.24376864870000975,0.0
91,JPM,2015-12-31,93543000000,62841000000,44023000000.0,0.0,0.0,7463000000.0,170453000000.0,6260000000,24442000000,3663500000.0,361683000000.0,360505000000.0,73466000000,2104125000000,325000000.0,0.0,14362000000.0,0.0,823744000000.0,247573000000,292502000000.0,146420000000.0,7873000000.0,5616000000.0,21691000000.0,577065000000.0,66.19000244140625,66.77999877929688,66.0,52.35373306274414,14654300.0,3663500000.0,2104125000000,-7.382011737409581,13489000000.0,-916841100000.0,0.3282126936275296,1.4338805289557683,0.0,-1.7849390325606325,-0.28910768309761287,0.2,0.1713325016336957,-0.024397567750168905,0.0,-0.01177914118428504,-0.14100258578624172,-21.95796111403048,10.970531941187541,-0.0,-0.14100258578624172,257651158.9695791,-5.710229729311234e-11,0.017312797081939724,0.006245963621605973,0.11888073633730825,0.0,0.3571526277099898,0.0
92,JPM,2016-12-31,96569000000,61132000000,44662000000.0,0.0,0.0,9818000000.0,186076000000.0,9803000000,24733000000,3561200000.0,391154000000.0,389635000000.0,21884000000,2236782000000,349000000.0,0.0,14131000000.0,0.0,661189000000.0,254190000000,297590000000.0,162440000000.0,8476000000.0,9082000000.0,28854000000.0,11738000000.0,87.33999633789062,87.76000213623047,85.9800033569336,71.20209503173828,20550700.0,3561200000.0,2236782000000,-8.100078625182523,17558000000.0,-1182957300000.0,0.36696041172633037,1.2603211332787765,0.0,-0.9396007333469139,-0.2987086953370129,0.2,0.17419444541309792,-0.037831978319783195,0.0,-0.011583125222602703,-0.1137618018342286,-29.98690044336961,8.821339202328556,-0.0,-0.1137618018342286,246593867.66883102,-6.018991136175269e-11,0.014731189475266823,0.00713621333833105,0.10759420208000284,0.0,0.4297493369456246,0.0
93,JPM,2017-12-31,100705000000,63724000000,46905000000.0,0.0,0.0,13874000000.0,75116000000.0,11459000000,24441000000,3425300000.0,431304000000.0,430121000000.0,-10827000000,2277907000000,265000000.0,0.0,14159000000.0,0.0,575279000000.0,255693000000,284099000000.0,177676000000.0,8993000000.0,15410000000.0,42595000000.0,24186000000.0,107.62999725341795,108.0199966430664,106.80999755859376,90.12551879882812,13578800.0,3425300000.0,2277907000000,-10.29311301199895,24403000000.0,-1269542700000.0,0.36722109130629066,1.2683540196317027,0.0,-0.7152947960213348,-0.35010178243384144,0.2,0.18882289751074122,-0.026702942361950827,0.0,-0.013630561353213728,-0.11420864089531085,-28.62746876259573,7.378865546016815,-0.0,-0.11420864089531085,270766818.6018509,-7.099053761549583e-11,0.013002799226253692,-0.020331366445409522,0.08560872259662584,0.0,0.42778180573318647,0.0
94,JPM,2018-12-31,108783000000,68265000000,17686000000.0,0.0,0.0,21041000000.0,82016000000.0,8290000000,32474000000,3275800000.0,278793000000.0,278793000000.0,15614000000,2366017000000,226000000.0,0.0,14934000000.0,0.0,675542000000.0,256515000000,282046000000.0,199202000000.0,10109000000.0,19983000000.0,60494000000.0,69276000000.0,97.58999633789062,98.80999755859376,96.7699966430664,83.36841583251953,13237200.0,3275800000.0,2366017000000,-1.9839428536540693,30092000000.0,-1408582200000.0,0.37246628609249605,0.43649735919838095,0.0,1.085119528539518,-0.05974279069339879,0.2,0.11783220492498575,0.009898388227049755,0.0,-0.0024625677047586465,-0.023797295820513747,15.202996981457526,8.663610780945449,0.0,-0.02379729582051375,360952042.8030253,-5.918604951313422e-11,0.0018352914553885584,0.07965530154787137,0.3741500869562253,0.0,0.2214466884356879,0.0
95,JPM,2019-12-31,115720000000,71082000000,17722000000.0,0.0,0.0,26795000000.0,50609000000.0,8435000000,36431000000,3084000000.0,217131000000.0,263631000000.0,4092000000,2426049000000,-1136854000000.0,0.0,25813000000.0,0.0,809342000000.0,261330000000,291483000000.0,223211000000.0,12343000000.0,24001000000.0,83049000000.0,40920000000.0,138.50999450683594,139.47999572753906,138.2899932861328,122.765869140625,7201600.0,3084000000.0,2426049000000,-2.6958495460440988,36344000000.0,-1916340400000.0,0.38574144486692014,0.397015995340293,0.0,1.0045157678671395,-0.07184583477359142,0.2,0.1086668076366141,-42.23710803982761,0.0,-0.0029643533051923435,-0.021959275529227718,15.711675291073739,6.407779460958308,0.0,-0.021959275529227718,296043193.88126457,-6.406266294893381e-11,0.0061734511868764925,0.09275198255341667,0.4474015319987782,0.0,16.886947361616897,0.0
96,JPM,2020-12-31,119951000000,84136000000,17263000000.0,0.0,0.0,9960000000.0,53509000000.0,6684000000,29131000000,3049400000.0,503209000000.0,527609000000.0,-79910000000,3105403000000,-1578413000000.0,0.0,27109000000.0,0.0,388178000000.0,279354000000,281683000000.0,236990000000.0,12690000000.0,6517000000.0,88184000000.0,45208000000.0,125.08999633789062,127.33000183105467,124.81999969482422,115.9710464477539,8580200.0,3049400000.0,3105403000000,0.6256968583983734,19207000000.0,-2973400700000.0,0.2985802536035548,0.48200474661454695,0.0,1.8626506024096385,0.015906495152187144,0.2,0.16990033177658423,-85.08047649849073,0.0,0.0005515973165584873,0.005395285095407465,15.183430357912894,8.781202579210497,0.0,0.005395285095407465,165618924.62230167,-3.9002831487782294e-11,-0.024628677496313756,0.02521642861519531,0.40547432571973846,0.0,33.993900861659675,0.0
97,JPM,2021-12-31,121649000000,62087000000,17493000000.0,0.0,0.0,5553000000.0,61942000000.0,11228000000,48334000000,2944100000.0,721134000000.0,740834000000.0,78084000000,3449440000000,-1744961000000.0,0.0,27070000000.0,0.0,1048726000000.0,294127000000,301001000000.0,272268000000.0,12858000000.0,18408000000.0,105415000000.0,53594000000.0,158.4499969482422,159.2899932861328,157.9600067138672,148.14808654785156,5805900.0,2944100000.0,3449440000000,8.589382154138786,31266000000.0,-2526946500000.0,0.48962178069692314,0.29369396595144553,0.0,7.57590491626148,0.20787676018709567,0.1,0.2147693538661348,-41.47854714873184,0.0,0.006508127933126249,0.05797835364795232,261.74,7.9086069363885105,0.0,0.05797835364795232,211045587.75317788,-5.862731424976807e-11,0.034626778610001,0.0932408649868957,0.3519605003256166,0.0,31.760258100018678,0.0
98,JPM,2022-12-31,128695000000,82529000000,17965000000.0,0.0,0.0,26097000000.0,53560000000.0,8490000000,37676000000,2934200000.0,540434000000.0,567234000000.0,107119000000,3373411000000,-1647386000000.0,0.0,27734000000.0,0.0,1014081000000.0,292332000000,295899000000.0,296456000000.0,13562000000.0,3162000000.0,107336000000.0,44027000000.0,135.24000549316406,136.74000549316406,133.88999938964844,130.40475463867188,11054800.0,2934200000.0,3373411000000,-2.17640242655579,16724000000.0,-2610242200000.0,0.35872411515598895,0.3891391933457523,0.0,1.0806222937502394,-0.04962119740471658,0.0,0.16814850013828733,-58.415871777596536,0.0,-0.00170019278982754,-0.016689594122439862,257.30347826086955,8.816295082708107,0.0,-0.01668959412243986,128246857.611436,-4.9958871494251327e-11,0.02004795385081139,-0.021842564185634572,0.062424556558254775,0.0,27.681710617775316,0.0
99,JPM,2023-12-31,158104000000,96492000000,18427000000.0,0.0,0.0,81321000000.0,53244000000.0,12060000000,49552000000,2876600000.0,604551000000.0,624151000000.0,12974000000,3547515000000,-1856346000000.0,0.0,10663000000.0,1291000000.0,973946000000.0,327878000000,391672000000.0,332901000000.0,13463000000.0,9824000000.0,116217000000.0,44712000000.0,169.08999633789062,172.1699981689453,168.91000366210938,171.02540588378906,9977400.0,2876600000.0,3547515000000,-17.449767086143364,23287000000.0,-2875458400000.0,0.3896928603956889,0.29908134778939166,0.0,0.5310436418637252,-0.3174872235996559,0.0,0.1759403413375278,-42.98589788120875,0.0,-0.012426331349636395,-0.10203026267337378,-866.5309734513274,7.210811365203075,0.029894639342364245,-0.10203026267337378,136161056.77201787,-5.947761438099368e-11,-0.03330964010041141,-0.17512132792891721,0.06995625221466692,0.0,16.744855712709207,0.0
100,WMT,2010-01-31,408085000000,304106000000,79977000000.0,0.0,0.0,2065000000.0,55543000000.0,7156000000,14370000000,3786000000.0,7907000000.0,7907000000.0,26249000000,99939000000,32713000000.0,4144000000.0,99544000000.0,12184000000.0,0.0,70468000000,37281000000.0,66357000000.0,4217000000.0,7276000000.0,-72929000000.0,4050000000.0,17.873332977294922,17.926666259765625,17.770000457763672,13.013808250427246,33058500.0,3786000000.0,99939000000,3.904120443740095,11493000000.0,-52451500000.0,0.2547974074028695,0.7691649275334442,0.0,11.623244552058111,0.03622039526079126,1.0,0.07911826213990535,1.3629280893258895,0.010154747172770378,0.09906220440542655,0.29999830707601843,1.5532455628697608,2.028383114191882,0.5076243646362804,0.29999830707601843,883138876.7098733,-2.4811126946659765e-10,0.0,0.0,0.0,0.0,0.0,0.0
101,WMT,2011-01-31,421849000000,314946000000,81361000000.0,0.0,7600000000.0,2205000000.0,58603000000.0,7579000000,16389000000,3516000000.0,7395000000.0,7395000000.0,23643000000,112240000000,36437000000.0,5089000000.0,105098000000.0,12699000000.0,0.0,68542000000,45347000000.0,63967000000.0,4437000000.0,14776000000.0,0.0,4655000000.0,18.81666755676269,18.85333251953125,18.56666755676269,13.95799160003662,47065500.0,3516000000.0,112240000000,4.481797497155859,19213000000.0,-61535700000.0,0.2534153215961161,0.7610731223632639,0.0710924857113458,11.583673469387755,0.03735459844636351,1.0,0.0658856022808268,1.4265523451569964,0.012063558287444086,0.0976838679654415,0.32109186089093944,1.775389554459322,2.2870510513008657,0.49718111346018323,0.3210918608909394,1376487431.0391183,-2.2682754238655967e-10,-0.0004606952689177879,0.0003780677285240841,0.004045902585090189,0.0355462428556729,0.031812127915553434,0.0009544055573368539
102,WMT,2012-01-31,446509000000,334993000000,85025000000.0,0.0,8100000000.0,2322000000.0,62300000000.0,7924000000,15699000000,3418000000.0,6550000000.0,6550000000.0,24255000000,122091000000,40714000000.0,5937000000.0,109603000000.0,27020000000.0,0.0,71315000000,46045000000.0,68691000000.0,5048000000.0,6298000000.0,0.0,1975000000.0,20.51000022888184,20.523332595825195,20.19333267211914,15.693171501159668,29284500.0,3418000000.0,122091000000,4.752779403159742,11346000000.0,-68513800000.0,0.249750844887785,0.7624466444277055,0.07263531690519746,11.40869939707149,0.0363822453746733,1.0,0.05364850808003866,1.5368993242988185,0.013296484505351517,0.09244281538277342,0.3028565260252543,1.738137480653807,2.27614996115416,1.0199690460911253,0.3028565260252543,722989613.6138939,-2.2905124954621795e-10,-0.0016821875050281598,5.3950037960680264e-05,0.0035355213612472502,0.03388282277796867,0.07187218000944759,0.001292464501865394
103,WMT,2013-01-31,468651000000,352297000000,88629000000.0,0.0,8400000000.0,2325000000.0,71818000000.0,7958000000,16999000000,3341000000.0,7781000000.0,7781000000.0,25591000000,126762000000,43803000000.0,6768000000.0,113929000000.0,12898000000.0,0.0,76343000000,43981000000.0,72978000000.0,5361000000.0,7600000000.0,0.0,5587000000.0,23.229999542236328,23.479999542236328,23.229999542236328,18.33128929138184,21048600.0,3341000000.0,126762000000,5.2205926369350495,12961000000.0,-68879300000.0,0.24827430219929117,0.7617185485673033,0.07219347852244014,11.924731182795698,0.037217460327621195,1.0,0.06138274877329168,1.5799098286744815,0.014441450034247233,0.0927732216011132,0.28479135067654116,1.8245592200788219,2.0697581237507,0.4652119026149684,0.28479135067654116,707042466.7889239,-2.6613640515193735e-10,-0.001713673132274986,-4.571270624743884e-05,0.0032489850332132844,0.031170616033098463,0.08621919333231395,0.0015885393652996782
104,WMT,2014-01-31,476294000000,358069000000,91353000000.0,0.0,0.0,2335000000.0,69345000000.0,8105000000,16022000000,3239000000.0,7281000000.0,7281000000.0,23257000000,128496000000,44858000000.0,6677000000.0,115364000000.0,13115000000.0,0.0,76255000000,45874000000.0,76566000000.0,6139000000.0,6683000000.0,0.0,4103000000.0,24.63999938964844,25.06333351135254,24.546667098999023,20.0516357421875,31634400.0,3239000000.0,128496000000,5.073170731707317,12822000000.0,-70371600000.0,0.24821853728999316,0.7727045887079721,0.0,11.508351177730193,0.03449969976527103,1.0,0.05666324243556219,1.6693212265555224,0.014018652344980202,0.08494481019905628,0.2530053306840027,2.0151994377086626,1.978467196419889,0.4880544805001489,0.2530053306840027,639449078.6117384,-2.8493931844931053e-10,-0.0005107691992639515,-0.0006275152031340903,0.004658897592026185,0.03526337816479418,0.1090474082896486,0.0015469680962449566
105,WMT,2015-01-31,485651000000,365086000000,93418000000.0,0.0,0.0,2461000000.0,65253000000.0,7985000000,16363000000,3227000000.0,9135000000.0,9135000000.0,28564000000,122096000000,45141000000.0,6778000000.0,114280000000.0,12174000000.0,512000000.0,81394000000,45680000000.0,85777000000.0,6185000000.0,1015000000.0,0.0,4791000000.0,28.26333236694336,28.62333297729492,27.976667404174805,23.58965301513672,20781600.0,3227000000.0,122096000000,5.1753951038115895,7200000000.0,-61600100000.0,0.24825440491216944,0.774835151163273,0.0,11.03088175538399,0.034388892435102576,1.0,0.07481817586161708,1.6628356724499944,0.01395652433537664,0.08425494897014367,0.21939259134039427,2.235161716494593,1.6039134083166744,0.44844734224776217,0.21939259134039427,305218563.2141343,-3.8294829091408487e-10,-6.632429040577999e-06,-0.0009428559641728729,0.005944731669139801,0.03526337816479418,0.08958126982963538,0.0008310495818657619
106,WMT,2016-01-31,482130000000,360984000000,97041000000.0,0.0,0.0,2548000000.0,64619000000.0,6558000000,14694000000,3165000000.0,8705000000.0,8705000000.0,27552000000,119035000000,44469000000.0,5624000000.0,110171000000.0,11477000000.0,621000000.0,80546000000,40959000000.0,90021000000.0,6294000000.0,4112000000.0,0.0,2745000000.0,21.96999931335449,22.6433334350586,21.96333312988281,19.09434509277344,44185200.0,3165000000.0,119035000000,4.739020537124802,10406000000.0,-60941100000.0,0.2512724783772012,0.8010252092516468,0.0,9.460361067503925,0.031109866633480598,0.9,0.07312975175368588,1.844803982576229,0.011664903656690104,0.08357450726522224,0.2481897396375412,2.0041591231589764,1.9696823560073815,0.4761252852105372,0.24818973963754118,544978104.7446512,-3.133245887057083e-10,0.0010179803624026744,-0.001129944377263477,0.014251742644695033,0.03547594003288536,0.10564836741372532,0.0009767050693485805
107,WMT,2017-01-31,485873000000,361256000000,101853000000.0,0.0,0.0,2367000000.0,66928000000.0,6204000000,13643000000,3062000000.0,6867000000.0,6867000000.0,31673000000,121027000000,43046000000.0,5835000000.0,107710000000.0,10619000000.0,479000000.0,77798000000,38271000000.0,89354000000.0,6216000000.0,8298000000.0,0.0,2256000000.0,22.06999969482422,22.296667098999023,21.959999084472656,19.42758750915528,27962700.0,3062000000.0,121027000000,4.635205747877205,14514000000.0,-65948000000.0,0.25648060295591646,0.8173282938924866,0.0,9.61723700887199,0.02921133711895907,0.8,0.05673940525667826,1.8909681953962396,0.012009311075116337,0.0786253616836867,0.2385888492687451,1.8726329696139354,2.0345024068518573,0.4664821648216482,0.23858884926874513,747081952.0519599,-2.945894873105368e-10,0.0027420660145823414,-0.0017258517720478359,0.020479691882596456,0.028877391408976057,0.11816073819101121,0.0011451051816228886
108,WMT,2018-01-31,500343000000,373396000000,106510000000.0,0.0,0.0,2330000000.0,78521000000.0,4600000000,9862000000,2956000000.0,6756000000.0,6756000000.0,28337000000,126653000000,43783000000.0,5614000000.0,107675000000.0,10051000000.0,7614000000.0,77869000000,33783000000.0,85107000000.0,6124000000.0,8296000000.0,0.0,3738000000.0,35.92333221435547,36.060001373291016,35.356666564941406,31.832738876342773,29438400.0,2956000000.0,126653000000,4.569350473612991,14420000000.0,-64365300000.0,0.25371994811559273,0.8390115560036866,0.0,8.771244635193133,0.026995481099965423,0.7,0.0533425974907819,2.142339873758379,0.011220302872229651,0.061186703280680266,0.14354248597216396,1.6530312668199834,1.3459751592383564,0.49180408083378185,0.14354248597216396,452992752.39921474,-4.945636682551433e-10,0.0008158232461305167,-0.0013714618445050581,0.025285252654286966,0.0,0.175799651220181,0.0011812044339666518
109,WMT,2019-01-31,514405000000,385301000000,107147000000.0,0.0,0.0,2346000000.0,77477000000.0,4281000000,6670000000,2896000000.0,7722000000.0,7722000000.0,27753000000,146799000000,44269000000.0,6283000000.0,104317000000.0,10344000000.0,3995000000.0,72496000000,45396000000.0,80785000000.0,6102000000.0,7410000000.0,0.0,1876000000.0,31.543333053588867,32.290000915527344,31.543333053588867,29.29584312438965,44169000.0,2896000000.0,146799000000,5.293508287292818,13512000000.0,-87057700000.0,0.25097734275522204,0.8299278101375636,0.0,9.359335038363172,0.029801421059282084,0.6,0.05260253816442891,2.0161679646581954,0.01221411144914999,0.06618034783092588,0.18069144707038032,2.207117852975496,1.7302885674158357,0.47110260964612655,0.18069144707038035,461225844.99883753,-3.365106489648779e-10,-0.0018344200668981385,0.0001966946467743385,0.02271645912854583,0.0,0.16183093779610586,0.0009345827631427403
110,WMT,2020-01-31,523964000000,394605000000,108791000000.0,0.0,0.0,2568000000.0,77790000000.0,4915000000,14881000000,2835000000.0,9465000000.0,9465000000.0,25255000000,161826000000,44435000000.0,6284000000.0,105208000000.0,10705000000.0,5990000000.0,74669000000,49076000000.0,83943000000.0,6048000000.0,5717000000.0,0.0,5362000000.0,38.59999847412109,38.75333404541016,37.96666717529297,35.709171295166016,23327400.0,2835000000.0,161826000000,4.6155202821869485,11765000000.0,-98084700000.0,0.24688528219495995,0.8410006261643952,0.0,8.009345794392523,0.024973089754257927,0.5,0.0584887471728894,2.1603947880202257,0.011993190371857608,0.04974122009138975,0.12925307742472747,2.4023888780105738,1.5985103941409207,0.5204686892259821,0.12925307742472747,329467180.9309851,-3.6406464306019203e-10,-0.002278221973544261,-0.0006741304485691652,0.014886929136802438,0.0,0.12776885548419595,0.0003478069237722544
111,WMT,2021-01-31,559151000000,420315000000,116288000000.0,0.0,0.0,2274000000.0,92645000000.0,6858000000,13510000000,2828000000.0,17741000000.0,32163000000.0,36074000000,171571000000,44949000000.0,6516000000.0,92201000000.0,10264000000.0,0.0,80925000000,44309000000.0,88763000000.0,6116000000.0,2625000000.0,0.0,3115000000.0,46.970001220703125,47.163333892822266,46.39666748046875,44.163116455078125,25945200.0,2828000000.0,171571000000,4.743988684582744,8741000000.0,-93280500000.0,0.24829786587165184,0.8375925552450373,0.0,9.9155672823219,0.023993518745383625,0.4,0.18746175052893554,1.9934805747738158,0.011653381644672011,0.045253341807479995,0.10741969918287443,2.1690327002153906,1.3737406983083593,0.45520667021465316,0.10741969918287443,197925343.626761,-4.734442509964904e-10,-0.0008931589611900678,-0.0019359674379661532,0.008674989776788515,0.0,0.09990856818795249,0.00034886585266156263
112,WMT,2022-01-31,572754000000,429000000000,117812000000.0,0.0,0.0,1906000000.0,87379000000.0,4756000000,13673000000,2771000000.0,14760000000.0,27648000000.0,24181000000,161607000000,56511000000.0,8280000000.0,94515000000.0,13106000000.0,0.0,83253000000,37667000000.0,86904000000.0,6152000000.0,9787000000.0,0.0,2803000000.0,45.6966667175293,46.68000030517578,45.56666564941406,45.03938674926758,20193600.0,2771000000.0,161607000000,6.9577769758210035,15939000000.0,-80176500000.0,0.25098733487675334,0.8195389345687772,0.0,13.610703043022035,0.03366192117383728,0.3,0.17108169819376637,2.17835941716136,0.014456468221959166,0.06731581723418918,0.15448205399764128,1.943902564896527,1.2948849222197518,0.5052039164289569,0.15448205399764128,353890253.62915707,-5.617529668826599e-10,0.0013673508939311314,0.002896277139859785,0.007886961566368304,0.0,0.07737887549570152,0.0011256504608233716
113,WMT,2023-01-31,611289000000,463721000000,127140000000.0,0.0,0.0,2043000000.0,92198000000.0,5724000000,11680000000,2697000000.0,8625000000.0,19794000000.0,28841000000,166504000000,56576000000.0,7933000000.0,100760000000.0,16857000000.0,0.0,76693000000,38840000000.0,83135000000.0,6114000000.0,9920000000.0,0.0,4191000000.0,47.43999862670898,47.959999084472656,47.220001220703125,47.07585144042969,14103600.0,2697000000.0,166504000000,4.694475342973674,16034000000.0,-91923600000.0,0.24140463839525986,0.861568903827388,0.0,9.999021047479197,0.020711970933551888,0.2,0.11888002690626051,2.769532014881535,0.012977495096427386,0.0431427565996862,0.09972151749425322,-6.5897522904648795,1.311431288907917,0.8251909144311729,0.0997215174942532,340599256.5060582,-5.121193190913943e-10,-0.002297742492130661,-0.001093849270610579,0.013932742937557968,0.0,0.2828661776638589,0.0009984816143150698
114,WMT,2024-01-31,648125000000,490142000000,130971000000.0,0.0,0.0,2585000000.0,92415000000.0,5578000000,15511000000,24229000000.0,9867000000.0,18316000000.0,35726000000,168538000000,54892000000.0,8796000000.0,110810000000.0,20606000000.0,0.0,83861000000,39579000000.0,89814000000.0,6140000000.0,2779000000.0,0.0,3447000000.0,55.93333435058594,55.93333435058594,55.03666687011719,54.896366119384766,26134800.0,24229000000.0,168538000000,0.777952040942672,8919000000.0,-93577200000.0,0.24375390549662487,0.8290195780558668,0.0,10.449516441005803,0.02908235294117647,0.1,0.10867578824953424,2.032133866429735,0.01357145612343298,0.012577554121002569,0.01417128483970754,-6.715134034611469,0.12671229265821154,0.7628461424552051,0.01417128483970754,162469770.4143765,-5.866425381330577e-10,-0.00241114312670949,-0.0015265227442202711,0.01404132855121342,0.0,0.28058761127128656,0.001024811483784686
115,PG,2010-06-30,77992000000,66025000000,24793000000.0,1950000000.0,0.0,946000000.0,24282000000.0,4017000000,12736000000,3099300000.0,2879000000.0,2879000000.0,16131000000,66733000000,6384000000.0,5335000000.0,19244000000.0,3067000000.0,0.0,61439000000,1876000000.0,64614000000.0,5458000000.0,6004000000.0,61309000000.0,564000000.0,60.130001068115234,60.540000915527344,59.709999084472656,39.999454498291016,17273600.0,3099300000.0,66733000000,-5.739683154260639,11462000000.0,-52545200000.0,0.15343881423735767,2.0717807303417732,0.0,-13.55813953488372,-0.22808749615345164,0.0,0.043142073636731455,-0.4977389677218151,0.06840445173863986,-0.09328102413544785,-0.14349403576255942,-0.027832589053899678,0.5382982454630884,-0.23912365507562763,-0.14349403576255942,286553907.89116174,-7.612389808829544e-10,0.0,0.0,0.0,0.0,0.0,0.0
116,PG,2011-06-30,81728000000,67287000000,25750000000.0,2000000000.0,0.0,831000000.0,27293000000.0,3299000000,11797000000,3001900000.0,2768000000.0,2768000000.0,13330000000,70353000000,7379000000.0,6275000000.0,21293000000.0,3306000000.0,0.0,68001000000,26426000000.0,70682000000.0,5767000000.0,7039000000.0,67278000000.0,2994000000.0,62.72999954223633,63.650001525878906,62.58000183105469,43.7326774597168,11807400.0,3001900000.0,70353000000,-5.143076051833838,12806000000.0,-54616900000.0,0.1766958692247455,1.783117512637629,0.0,-13.608904933814681,-0.18890710649960846,0.0,0.039344448708654924,-0.6524891679193563,0.07677907204385279,-0.07656938050968928,-0.1176025880549218,-0.3920597006067979,0.5358957754665402,-0.2923335396586789,-0.1176025880549218,292824513.47269803,-8.007169476795057e-10,0.007752351662462613,0.013060129884614394,0.14433160885207208,0.0,0.0773751000987706,0.004187310152606462
117,PG,2012-06-30,28400000000,69254000000,25984000000.0,2000000000.0,0.0,769000000.0,24907000000.0,3378000000,10756000000,2941200000.0,4436000000.0,4436000000.0,13284000000,68209000000,6721000000.0,6068000000.0,20377000000.0,3964000000.0,0.0,64035000000,27948000000.0,75349000000.0,6139000000.0,4024000000.0,69604000000.0,4083000000.0,61.040000915527344,61.2599983215332,60.77999877929688,43.49276351928711,8914300.0,2941200000.0,68209000000,-24.13470692234462,10163000000.0,-51482700000.0,-1.4385211267605633,-0.6360209526606941,-0.0,-86.91547464239272,-2.4994718309859154,0.0,0.0650354058848539,-0.10055656961608665,0.21366197183098593,-0.3619284677469848,-0.5549131618560396,-0.4146402979095886,0.5332122540964795,-0.059307579520631974,-0.5549131618560396,233671056.46191373,-8.448034683357148e-10,-0.5306533136659737,-0.7571281116108213,1.2141639703476002,0.0,0.2324581383809889,0.0665889627680887
118,PG,2013-06-30,29200000000,70603000000,26000000000.0,1900000000.0,0.0,667000000.0,30037000000.0,3226000000,11312000000,2930600000.0,5930000000.0,5947000000.0,14873000000,70554000000,6909000000.0,6508000000.0,21666000000.0,4008000000.0,0.0,68709000000,23617000000.0,80197000000.0,6519000000.0,5986000000.0,71966000000.0,4506000000.0,77.0199966430664,78.44999694824219,77.0,57.27054214477539,6699200.0,2930600000.0,70554000000,-24.32812393366546,12505000000.0,-51612900000.0,-1.4179109589041097,-0.6279738183223438,-0.0,-101.05397301349325,-2.4416438356164383,0.0,0.08429004733962639,-0.10250285595596635,0.22287671232876713,-0.29907162940013005,-0.42479297423387213,-0.3503849977003991,0.4203720195255921,-0.05946322863967479,-0.42479297423387213,218349600.53963435,-1.1096168234060746e-09,-0.5315356093762851,-0.7509122430389432,1.283789510288929,0.0,0.24303181251605074,0.07297170722866457
119,PG,2014-06-30,29400000000,69094000000,21461000000.0,1900000000.0,0.0,709000000.0,33726000000.0,2851000000,11643000000,2711700000.0,8548000000.0,8558000000.0,13958000000,74290000000,6759000000.0,6386000000.0,22304000000.0,3848000000.0,0.0,69976000000,26429000000.0,84990000000.0,6911000000.0,6005000000.0,75805000000.0,4307000000.0,79.01000213623047,79.45999908447266,78.43000030517578,59.49013900756836,10297700.0,2711700000.0,74290000000,-23.865103071873733,12916000000.0,-52782900000.0,-1.3501360544217686,-0.5406610570867133,-0.0,-86.25528913963329,-2.2011904761904764,0.0,0.11519720016152914,-0.1105224429727741,0.2172108843537415,-0.2746706933929597,-0.4011606540175945,-0.4321641730030251,0.4605149499647237,-0.062922083231134,-0.4011606540175945,217111612.3691831,-1.127072195873443e-09,0.02946169077959822,0.09942711826514634,1.2427608630692768,0.0,0.2356997743497537,0.07130415572092957
120,PG,2015-06-30,76419000000,61922000000,20616000000.0,2000000000.0,0.0,626000000.0,29790000000.0,2725000000,7036000000,2718600000.0,6836000000.0,6845000000.0,14608000000,66445000000,4979000000.0,4861000000.0,19655000000.0,3736000000.0,30000000.0,63050000000,23129000000.0,84807000000.0,7287000000.0,4604000000.0,77226000000.0,2772000000.0,78.91999816894531,79.01000213623047,78.12999725341797,61.07133483886719,8451400.0,2718600000.0,66445000000,-3.483410578974472,11891000000.0,-49260700000.0,0.1897041311715673,1.422087328412775,0.0,-9.774760383386582,-0.12392206126748584,0.1,0.10301753329821657,-0.8136950482104919,0.06360983525039585,-0.04073582039049856,-0.0570383894205887,-3.120901362839023,0.4002023004277736,-0.6105572806014055,-0.0570383894205887,194706731.58485308,-1.2397577549419149e-09,0.5358716966918923,0.7725739247829843,1.0863444272722032,0.0,0.31214161916523675,0.07254803743695351
121,PG,2016-06-30,64761000000,53223000000,18949000000.0,1900000000.0,0.0,579000000.0,30770000000.0,3342000000,10508000000,2668000000.0,8098000000.0,7102000000.0,15435000000,69153000000,4716000000.0,4373000000.0,19385000000.0,3314000000.0,28000000.0,57983000000,27122000000.0,87953000000.0,7436000000.0,4004000000.0,82176000000.0,2760000000.0,83.91000366210938,84.80000305175781,83.81999969482422,68.3719482421875,10969300.0,2668000000.0,69153000000,-4.247376311844078,11440000000.0,-52289600000.0,0.1781627831565294,1.6423123591610331,0.0,-12.79965457685665,-0.1749818563641698,0.2,0.10269981056497911,-0.6363513695857509,0.06752520807275984,-0.04504523163765848,-0.06212162182067706,-1.8450340136054422,0.3790942917194918,-0.4471731210362974,-0.06212162182067706,167320082.19916695,-1.3075630381985614e-09,0.5094329458594327,0.6754028732754356,1.0481716924002011,0.0,0.3091276177090046,0.0747035868927024
122,PG,2017-06-30,65058000000,52182000000,18654000000.0,1900000000.0,0.0,465000000.0,30210000000.0,3063000000,15326000000,2557900000.0,5569000000.0,5569000000.0,12753000000,64628000000,4624000000.0,4594000000.0,19893000000.0,3384000000.0,132000000.0,55778000000,23072000000.0,96124000000.0,7236000000.0,5204000000.0,93715000000.0,1676000000.0,87.05000305175781,87.47000122070312,87.0,72.59171295166016,6070300.0,2557900000.0,64628000000,-3.638140662262012,12440000000.0,-48961200000.0,0.19791570598542838,1.4487418452935694,0.0,-12.425806451612903,-0.14304159365489255,0.3,0.08617008107940831,-0.8002769124264452,0.07061391373851025,-0.0371778485253944,-0.05011785112006795,-1.5695238095238095,0.3480567894033689,-0.5856697819314641,-0.05011785112006795,171369423.5082174,-1.4826375364913473e-09,0.002737191604620363,-0.006373177462468904,1.026440035051414,0.0,0.3214313568244689,0.07490788278291748
123,PG,2018-06-30,66832000000,54493000000,19037000000.0,1900000000.0,0.0,506000000.0,28237000000.0,3465000000,9750000000,2510100000.0,2569000000.0,2569000000.0,14867000000,65427000000,4738000000.0,4686000000.0,20600000000.0,3717000000.0,141000000.0,52883000000,25174000000.0,98641000000.0,7310000000.0,7004000000.0,99217000000.0,1772000000.0,77.5,78.30999755859375,77.41999816894531,67.20044708251953,6092800.0,2510100000.0,65427000000,-4.250428269790048,14314000000.0,-52479200000.0,0.18462712473066795,1.5428316719345165,0.0,-13.237154150197629,-0.15963909504429016,0.4,0.03926513518883641,-0.7073753359211705,0.0701161120421355,-0.04557320879109715,-0.06324999987828485,-1.7125170068027211,0.3878768152625872,-0.5549417736637803,-0.06324999987828486,213004535.25886464,-1.2805158440395344e-09,0.0021547805247128515,0.005114253773293211,0.8255041511969917,0.0,0.25972476008390843,0.05974942590331827
124,PG,2019-06-30,67684000000,63300000000,19084000000.0,1900000000.0,0.0,509000000.0,30011000000.0,2103000000,3897000000,2509900000.0,4239000000.0,4239000000.0,15242000000,67516000000,5017000000.0,4951000000.0,21271000000.0,3347000000.0,169000000.0,47579000000,28788000000.0,94918000000.0,7498000000.0,5003000000.0,100406000000.0,3388000000.0,109.91999816894533,110.6999969482422,109.61000061035156,98.19700622558594,6775900.0,2509900000.0,67516000000,-6.897485955615761,12501000000.0,-52384500000.0,0.06477158560368773,4.353102189781022,0.0,-28.88015717092338,-0.2557768453401099,0.5,0.06278511760175366,-0.34129251700680274,0.0731487500738727,-0.055137152948463095,-0.0702413059291269,-1.9583673469387755,0.2739378472222119,-0.22768707482993197,-0.0702413059291269,127305306.75529672,-1.8745431611561806e-09,-0.044381373460580215,-0.03757841722840579,1.1382823303177612,0.0,0.17185907968565844,0.0032339264025022076
125,PG,2020-06-30,70950000000,56386000000,19994000000.0,1800000000.0,0.0,465000000.0,32976000000.0,2731000000,13027000000,2481100000.0,16181000000.0,14600000000.0,17403000000,73822000000,5498000000.0,4178000000.0,20692000000.0,3073000000.0,0.0,46878000000,31508000000.0,100239000000.0,7789000000.0,7405000000.0,105573000000.0,2508000000.0,117.97000122070312,119.98999786376952,117.8000030517578,108.99979400634766,7818000.0,2481100000.0,73822000000,-3.476683728991173,15194000000.0,-48992200000.0,0.20527131782945737,1.3728371326558637,0.0,-11.67741935483871,-0.12157857646229739,0.6,0.1977730215924792,-1.0125230202578268,0.058886539816772374,-0.02505654214471437,-0.03189624127903129,-5.802578268876611,0.27297059166480964,-0.5659300184162063,-0.03189624127903129,139394758.84803206,-2.2248397501305852e-09,0.006881397699596475,0.012686839527330926,1.1441466011583479,0.0,0.21931791911693835,0.004921052846835196
126,PG,2021-06-30,76118000000,58780000000,21024000000.0,1900000000.0,0.0,502000000.0,33132000000.0,3263000000,14306000000,2442100000.0,10288000000.0,9263000000.0,18371000000,72653000000,5983000000.0,4725000000.0,21686000000.0,2787000000.0,0.0,46654000000,32420000000.0,106374000000.0,8263000000.0,11009000000.0,114973000000.0,3620000000.0,134.5800018310547,135.2899932861328,134.2899932861328,126.01727294921876,5776600.0,2442100000.0,72653000000,-3.0510626100487284,19272000000.0,-52281300000.0,0.22777792374996716,1.2125966086053754,0.0,-7.342629482071713,-0.09788749047531464,0.7,0.12749645575544025,-1.62316874660879,0.062074673533198454,-0.019587287762234822,-0.024211463544987332,-8.795442213781877,0.23608045375573272,-0.7561041779707,-0.024211463544987332,152931416.0588608,-2.4103699209701893e-09,0.05433544604875981,0.05262978495493176,1.188472866663739,0.0,0.42303434042415783,0.005489255149798458
127,PG,2022-06-30,80187000000,62939000000,20217000000.0,2000000000.0,0.0,439000000.0,33081000000.0,3202000000,14742000000,2399200000.0,7214000000.0,6113000000.0,16723000000,70354000000,6924000000.0,5143000000.0,21195000000.0,3156000000.0,0.0,46854000000,29347000000.0,112429000000.0,8770000000.0,10003000000.0,123382000000.0,3647000000.0,141.69000244140625,144.44000244140625,141.22999572753906,137.47555541992188,7410100.0,2399200000.0,70354000000,-2.755085028342781,18773000000.0,-52425600000.0,0.21509721027099155,1.1721358998144713,0.0,-6.763097949886105,-0.0824323144649382,0.8,0.0868891605310288,-2.3320983496126644,0.06413757841046554,-0.016517346168864428,-0.020040544807601014,-8.075674188222344,0.21330294847109862,-1.062984169754126,-0.020040544807601014,136555185.7030691,-2.622298179132368e-09,0.003275297480511391,0.013048753999119728,1.2182591811723738,0.0,0.7036859395058721,0.005234302208726478
128,PG,2023-06-30,82006000000,64528000000,21112000000.0,2000000000.0,0.0,756000000.0,35756000000.0,3615000000,14653000000,2362200000.0,8246000000.0,6800000000.0,16848000000,73764000000,7073000000.0,5471000000.0,21909000000.0,3062000000.0,0.0,47065000000,30851000000.0,118170000000.0,8999000000.0,7353000000.0,129736000000.0,3951000000.0,149.8300018310547,152.07000732421875,149.7899932861328,148.9037628173828,7055600.0,2362200000.0,73764000000,-3.388790110913555,16352000000.0,-54668900000.0,0.21313074653074165,1.2079185261471563,0.0,-4.806878306878307,-0.09761480867253615,0.9,0.09218589013610975,-1.9463401210787012,0.06671463063678268,-0.018812963416594247,-0.022758257056738077,-8.489543203082004,0.20971143954193971,-0.8425976884975234,-0.022758257056738077,109815895.11646035,-2.7237380451661333e-09,-0.004882392406408503,9.089393425949777e-05,1.2466206710776606,0.0,0.7035696040023186,0.004817001165663545
129,HD,2010-01-31,66176000000,43764000000,15902000000.0,0.0,0.0,676000000.0,10363000000.0,1362000000,2661000000,1698000000.0,1421000000.0,1427000000.0,5125000000,21484000000,10188000000.0,964000000.0,25550000000.0,966000000.0,33000000.0,19393000000,9682000000.0,13226000000.0,1525000000.0,213000000.0,585000000.0,1020000000.0,28.01000022888184,28.450000762939453,27.90999984741211,20.22937774658203,17172100.0,1698000000.0,21484000000,2.6336866902237928,1738000000.0,-9048800000.0,0.33867263056092844,0.7095306086025344,0.0,9.6301775147929,0.06757736943907157,1.0,0.0664215229938559,1.5649769585253457,0.014567214700193424,0.08009530709135357,0.1301911864624102,1.4872503840245777,0.6254533653753177,0.14838709677419354,0.1301911864624102,85914654.5075344,-2.235586790135933e-09,0.0,0.0,0.0,0.0,0.0,0.0
130,HD,2011-01-30,67997000000,44693000000,15849000000.0,0.0,0.0,530000000.0,10122000000.0,1935000000,3338000000,1623000000.0,545000000.0,545000000.0,4585000000,21236000000,10625000000.0,1085000000.0,25060000000.0,1096000000.0,139000000.0,18889000000,9749000000.0,14995000000.0,1569000000.0,2608000000.0,3193000000.0,1042000000.0,37.130001068115234,37.18000030517578,36.54999923706055,27.01450729370117,11189800.0,1623000000.0,21236000000,3.0745532963647566,4177000000.0,-9359500000.0,0.3427210023971646,0.6800978372811535,0.0,14.066037735849056,0.07338559054075915,1.0,0.02566396684874741,1.4252179745137492,0.015956586319984704,0.07667421921726193,0.11381119273945205,1.3077129443326627,0.48434759298897867,0.1470154258886653,0.11381119273945205,154620624.93266088,-2.886319492889702e-09,0.001349457278745377,0.0019360737005625257,0.014716385660690445,0.0,0.06987949200579824,0.0006946858098956396
131,HD,2012-01-29,70395000000,46133000000,16028000000.0,0.0,0.0,606000000.0,9376000000.0,2185000000,3883000000,1537000000.0,1987000000.0,1987000000.0,6651000000,22620000000,10325000000.0,1245000000.0,24448000000.0,1221000000.0,0.0,17898000000,21087000000.0,17246000000.0,1632000000.0,3470000000.0,6694000000.0,30000000.0,44.58000183105469,44.790000915527344,44.220001220703125,33.876094818115234,6724600.0,1537000000.0,22620000000,3.5413142485361093,5102000000.0,-9584900000.0,0.34465516016762554,0.6606215480999094,0.0,13.587458745874587,0.07732083244548618,1.0,0.08784261715296197,1.2539470488219577,0.0176859151928404,0.072876931111874,0.10453726344638734,2.5609667233422395,0.43443558683764133,0.14828758804955064,0.10453726344638734,150607678.58258876,-3.5343190662516286e-09,0.0019941765355656984,0.0032478210021382042,0.02010447729895447,0.0,0.12719447416778523,0.001275723089563557
132,HD,2013-02-03,74754000000,48912000000,16508000000.0,0.0,0.0,632000000.0,11462000000.0,2686000000,4535000000,1484000000.0,2494000000.0,2494000000.0,6975000000,23307000000,10710000000.0,1395000000.0,24069000000.0,1312000000.0,0.0,17777000000,10300000000.0,20038000000.0,1743000000.0,3984000000.0,10694000000.0,1321000000.0,66.86000061035156,67.22000122070312,66.31999969482422,51.31132888793945,4741000.0,1484000000.0,23307000000,4.053908355795148,5727000000.0,-9528200000.0,0.3456938759129946,0.6388050460490674,0.0,14.768987341772151,0.08047729887363887,1.0,0.10700647874029262,1.1474180415684594,0.018661208764748374,0.060490877800499956,0.07900610729939612,1.1034926076708806,0.30608300246459863,0.14056138847225197,0.07900610729939611,111612778.77849138,-5.385206952828388e-09,0.0009909578386100109,0.0023639027776265753,0.026005852268231114,0.0,0.1597816067305632,0.0015746863205878868
133,HD,2014-02-02,78812000000,51897000000,16122000000.0,0.0,0.0,711000000.0,10749000000.0,3082000000,5385000000,1380000000.0,1929000000.0,1929000000.0,7628000000,27996000000,11057000000.0,1398000000.0,23348000000.0,1389000000.0,0.0,12522000000,14200000000.0,23180000000.0,2243000000.0,8546000000.0,19194000000.0,33000000.0,76.63999938964844,76.7300033569336,74.93000030517578,59.26876068115234,9527000.0,1380000000.0,27996000000,5.072463768115942,10789000000.0,-14750500000.0,0.3415089072730041,0.5989968419097158,0.0,15.180028129395218,0.0888189615794549,1.0,0.0689027003857694,1.0244602983415176,0.017738415469725422,0.06375988987918499,0.08558410383176787,1.315667562308904,0.3422875101248819,0.12869452422866673,0.08558410383176787,182035188.1160717,-4.0180848568626375e-09,-0.0010487509648738162,0.003832709711322907,0.03741563961475006,0.0,0.19277243991848908,0.0014664232037976523
134,HD,2015-02-01,83176000000,54787000000,16280000000.0,0.0,0.0,830000000.0,11269000000.0,3631000000,6345000000,1307000000.0,2216000000.0,1723000000.0,8242000000,30624000000,11079000000.0,1484000000.0,22720000000.0,1442000000.0,0.0,9322000000,16200000000.0,26995000000.0,2530000000.0,7000000000.0,26194000000.0,38000000.0,104.77999877929688,105.0,101.56999969482422,84.20738220214844,5012800.0,1307000000.0,30624000000,5.851568477429227,9530000000.0,-17630300000.0,0.34131239780705974,0.5734615520095812,0.0,14.589156626506025,0.091949600846398,1.0,0.056263061650992686,0.9149393013461062,0.017841685101471577,0.054363337157304244,0.06948997017128425,1.337847881740854,0.27825063369840597,0.11908497811545132,0.06948997017128425,113172975.46576451,-4.776287539188127e-09,-0.0014604927019782887,0.003824100657586376,0.03919695635549622,0.0,0.177493238515868,0.0008842199424533401
135,HD,2016-01-31,88519000000,58254000000,16801000000.0,0.0,0.0,919000000.0,12524000000.0,4012000000,7009000000,1252000000.0,2216000000.0,2216000000.0,9373000000,35657000000,11809000000.0,1890000000.0,22191000000.0,1503000000.0,0.0,6316000000,41224000000.0,30973000000.0,3031000000.0,7000000000.0,33194000000.0,77000000.0,124.91999816894533,127.08999633789062,123.98999786376952,104.06466674804688,4674100.0,1252000000.0,35657000000,6.815495207667731,10031000000.0,-21586300000.0,0.3419039980117263,0.5551296877581364,0.0,14.650707290533187,0.09639738361255776,0.9,0.06214768488655804,0.8770796197266786,0.02135134829810549,0.05142035309350068,0.06549288457501977,3.061794414735591,0.27367629031893587,0.11163101604278075,0.06549288457501977,96391986.95832334,-4.820866324847096e-09,0.0001316969129073938,0.002526140677700952,0.039378891857123816,0.0,0.14118994472651755,0.0013936329379870588
136,HD,2017-01-29,94595000000,62282000000,17132000000.0,0.0,1899000000.0,972000000.0,14133000000.0,4534000000,7957000000,1203000000.0,2538000000.0,2538000000.0,9783000000,38633000000,12549000000.0,2029000000.0,21914000000.0,1621000000.0,0.0,4333000000,44915000000.0,35519000000.0,3404000000.0,6880000000.0,40194000000.0,542000000.0,137.99000549316406,138.49000549316406,136.86000061035156,116.326904296875,2705000.0,1203000000.0,38633000000,8.042394014962593,10284000000.0,-23814500000.0,0.3415931074581109,0.5301890879831647,0.05876891653514066,15.618312757201647,0.1022781330937153,0.8,0.06569513110553155,0.826625386996904,0.02144933664570009,0.05417913915485364,0.06913614751096445,2.9586325011527568,0.27606581775618494,0.1067782096041104,0.06913614751096443,88406031.7960019,-4.884709076271809e-09,9.356988368371584e-05,0.0034428440824391024,0.037306803354253584,0.023507566614056265,0.11485445724824583,0.00165784252132283
137,HD,2018-01-28,100904000000,66548000000,17864000000.0,0.0,1983000000.0,1057000000.0,16194000000.0,5068000000,8630000000,1158000000.0,3595000000.0,3595000000.0,12031000000,43075000000,12748000000.0,1952000000.0,22075000000.0,1897000000.0,0.0,1454000000,49235000000.0,39935000000.0,4212000000.0,8000000000.0,48196000000.0,1202000000.0,207.22999572753903,207.6100006103516,204.7100067138672,176.11712646484375,3632900.0,1158000000.0,43075000000,8.952504317789291,12212000000.0,-27129400000.0,0.3404820423372711,0.5199674001629991,0.05771917568983584,15.602649006622517,0.10274121937683342,0.7,0.08345908299477656,0.7729808391947611,0.019345120114167922,0.0419684940254625,0.05083267310505647,2.985386854232355,0.21121032063280673,0.11502546689303905,0.050832673105056465,69340218.32588634,-6.491744250327827e-09,-0.0004739852248183962,0.002114611921425221,0.028698173089201556,0.02853556961753362,0.08526225774284239,0.0016182937525386785
138,HD,2019-02-03,108203000000,71043000000,19513000000.0,0.0,2076000000.0,1051000000.0,16716000000.0,3435000000,11121000000,1105000000.0,1778000000.0,1778000000.0,13165000000,45881000000,13925000000.0,1936000000.0,22375000000.0,2442000000.0,0.0,-1878000000,26814000000.0,46423000000.0,4704000000.0,9963000000.0,58196000000.0,1056000000.0,184.3000030517578,186.42999267578125,183.83999633789065,163.8468017578125,3050200.0,1105000000.0,45881000000,11.910407239819005,14667000000.0,-31116700000.0,0.34342855558533497,0.5251076426264801,0.0558665231431647,16.790675547098,0.12163248708446162,0.6,0.038752424750986246,0.7890859636198787,0.01789229503803037,0.05799541921827063,0.07269233889242574,1.5194650648835497,0.2534151812721971,0.13838046126820422,0.07269233889242575,89516547.42507449,-5.265558422255975e-09,0.0006118160424080273,0.00645145133024877,0.020322162764430527,0.02816073334767489,0.05325236544077952,0.0015847566277748483
139,HD,2020-02-02,110225000000,72653000000,19740000000.0,0.0,2223000000.0,1201000000.0,18375000000.0,3473000000,11242000000,1077000000.0,2133000000.0,2133000000.0,13687000000,54352000000,14531000000.0,2106000000.0,22770000000.0,2678000000.0,0.0,-3116000000,29500000000.0,51729000000.0,5958000000.0,6965000000.0,65196000000.0,1755000000.0,230.3000030517578,233.52999877929688,229.3500061035156,209.0348663330078,5100900.0,1077000000.0,54352000000,12.217270194986073,12923000000.0,-38714700000.0,0.3408664096166931,0.5253912488022996,0.059166400511018846,14.847626977518734,0.11937400771149921,0.5,0.03924418604651163,0.814883355764917,0.019106373327285098,0.04707986223471329,0.05844608801061479,1.6543292956482727,0.24142436354711466,0.15017945266935845,0.05844608801061479,61822222.420123525,-5.399366812425456e-09,0.00012812242647401254,0.00554426277822193,0.01241509055979121,0.023180267435130502,0.03583236914154572,0.0013747865501550676
140,HD,2021-01-31,132110000000,87257000000,24447000000.0,0.0,2425000000.0,1347000000.0,23166000000.0,4112000000,12866000000,1077000000.0,7895000000.0,7895000000.0,18839000000,67282000000,16627000000.0,2992000000.0,24705000000.0,2463000000.0,0.0,3299000000,34750000000.0,58134000000.0,6451000000.0,791000000.0,65793000000.0,1350000000.0,271.2300109863281,272.6499938964844,267.25,249.5722198486328,3707800.0,1077000000.0,67282000000,13.87836583101207,7242000000.0,-43738900000.0,0.33951252743925514,0.5450471540365193,0.054065502864914274,15.149220489977727,0.1131405646809477,0.4,0.11734193394964477,0.8148093697931981,0.022647793505412156,0.044475683746148714,0.05560861637336636,1.7029305106341273,0.2503150416025179,0.12069979417818288,0.05560861637336636,29017652.70346323,-5.705955564694878e-09,-0.0013053427153599435,-0.0028306408011713052,0.008585892651948576,0.0019061381339590831,0.01965346363024973,0.001717111633754606
141,HD,2022-01-30,151157000000,100325000000,25406000000.0,0.0,2650000000.0,1347000000.0,28693000000.0,5304000000,16433000000,1035000000.0,2343000000.0,2343000000.0,16571000000,73572000000,22068000000.0,3426000000.0,25199000000.0,2566000000.0,0.0,-1696000000,36400000000.0,67580000000.0,6985000000.0,14809000000.0,80794000000.0,2249000000.0,364.80999755859375,367.4100036621094,362.2099914550781,346.21160888671875,4084600.0,1035000000.0,73572000000,18.14009661835749,21794000000.0,-52414400000.0,0.3362861131141793,0.49980327352848597,0.052132514951211836,18.87602078693393,0.1242086042988416,0.3,0.03184635459142065,0.8679304648784708,0.02266517594289381,0.04347060863333122,0.05239598024078092,-2.837985342273507,0.20531968352994587,0.10092031778494455,0.052395980240780925,62949939.98058294,-6.605276582136183e-09,-0.0015267655008379493,0.0016115321957807978,0.014446466335725326,0.0025091330093394513,0.03222406539517205,0.001961369949264568
142,HD,2023-01-29,157403000000,104625000000,26284000000.0,0.0,2756000000.0,1617000000.0,23110000000.0,5372000000,17105000000,1016000000.0,2757000000.0,2757000000.0,14615000000,74883000000,24886000000.0,3317000000.0,25631000000.0,3119000000.0,0.0,1562000000,41150000000.0,76896000000.0,7789000000.0,6696000000.0,87298000000.0,1000000000.0,315.8299865722656,318.1400146484375,313.69000244140625,303.91473388671875,2643100.0,1016000000.0,74883000000,19.197834645669293,14485000000.0,-51903200000.0,0.3353049179494673,0.4980105346924855,0.052218727500094736,16.38466295609153,0.12391758733950432,0.2,0.0368174351989103,0.9393070129085831,0.02107329593463911,0.05083923580344283,0.06316848939882296,-3.2083268361141433,0.24251453430669362,0.11772476787197102,0.06316848939882296,47661394.41399752,-5.8554141919326504e-09,-0.0014025364965959408,0.003592340886185541,0.0176925947121345,0.0026252726500243396,0.05359902659714301,0.0019086838899132473
143,HD,2024-01-28,152669000000,101709000000,26598000000.0,0.0,3020000000.0,1943000000.0,22015000000.0,4781000000,15143000000,992000000.0,3760000000.0,3760000000.0,21172000000,75486000000,20976000000.0,3328000000.0,26154000000.0,3226000000.0,0.0,1044000000,42150000000.0,83656000000.0,8383000000.0,7951000000.0,95372000000.0,1100000000.0,355.1499938964844,356.3699951171875,353.010009765625,353.58526611328125,2732000.0,992000000.0,75486000000,17.780241935483872,16334000000.0,-53344800000.0,0.33379402498215094,0.5219387755102041,0.05926216640502355,12.53834276891405,0.11553098533428528,0.1,0.049810560898709694,0.8610130531155078,0.0217987934682221,0.04138019208481188,0.05028558494795272,-0.6306292827433496,0.21520907503011444,0.13241934159757,0.05028558494795272,46195363.793147795,-6.6282986554131096e-09,-0.0008306960440094454,-0.0028925396548521074,0.017506486427823945,0.0032148142202826514,0.045673579787468645,0.001316599205993053
144,CVX,2009-12-31,171636000000,112289000000,4527000000.0,603000000.0,12110000000.0,28000000.0,26211000000.0,7965000000,10483000000,1992801000.0,8716000000.0,8822000000.0,19373000000,72060000000,5529000000.0,17703000000.0,96468000000.0,19843000000.0,21158000000.0,91914000000,5705000000.0,106289000000.0,5302000000.0,0.0,26168000000.0,66000000.0,77.72000122070312,77.77999877929688,76.93000030517578,43.81031799316406,4246600.0,1992801000.0,72060000000,23.498081343796997,5302000000.0,-5859500000.0,0.3457724486704421,0.07628018265455709,0.20405412236507323,1957.857142857143,0.2728273788715654,1.0,0.12242575631418262,0.10085735133163079,0.10314269733622317,0.29383445462652735,0.5363595248832368,0.1040678584458227,0.825379959491021,0.3619664356074425,0.5363595248832368,121021719.1490666,-7.476801432402775e-09,0.0,0.0,0.0,0.0,0.0,0.0
145,CVX,2010-12-31,204928000000,130353000000,4767000000.0,526000000.0,13063000000.0,50000000.0,29012000000.0,12919000000,19024000000,1998872000.0,14060000000.0,15070000000.0,31354000000,78958000000,5493000000.0,20759000000.0,104504000000.0,19612000000.0,21520000000.0,105081000000,5636000000.0,119641000000.0,5669000000.0,775000000.0,26411000000.0,33000000.0,91.58000183105467,91.8000030517578,91.0,53.86309051513672,5152900.0,1998872000.0,78958000000,28.43553764323078,6444000000.0,-2113500000.0,0.3639082995003123,0.06392222594703319,0.17516594032852834,1396.16,0.2773608291692692,1.0,0.19086096405684033,0.07868725647490259,0.10129899281698938,0.304565198435082,0.5279225044697309,0.08073573229429291,0.7333645051447247,0.28094201237680494,0.5279225044697309,119636655.42342198,-2.5485256926963197e-08,0.006045283609956727,0.0015111500992346,0.006178978353761952,0.014444091018272445,0.011085047428364102,0.0009218522596168913
146,CVX,2011-12-31,253706000000,176292000000,4745000000.0,627000000.0,12911000000.0,288000000.0,33600000000.0,20626000000,26895000000,1970727000.0,15864000000.0,17353000000.0,41095000000,87293000000,5543000000.0,21793000000.0,122608000000.0,26500000000.0,22868000000.0,121382000000,4101000000.0,140399000000.0,6136000000.0,4262000000.0,29685000000.0,17000000.0,108.73999786376952,110.98999786376952,108.7300033569336,67.2038803100586,11518700.0,1970727000.0,87293000000,26.26188203642615,10398000000.0,-2344500000.0,0.3051327126674182,0.06129382282274524,0.16677861885447076,252.32291666666666,0.20399596383215218,1.0,0.19879028100764093,0.07627736724050145,0.0858986385816654,0.23553531738565278,0.39077925136557123,0.05643396771663295,0.6591110653937747,0.3646671895856555,0.39077925136557123,154723208.71989444,-2.8664482964409723e-08,-0.013546578667674633,-0.022943805013137735,0.006533831426398598,0.01596641400236648,0.011062932552741562,0.0077310896117080774
147,CVX,2012-12-31,241909000000,154758000000,4724000000.0,648000000.0,0.0,242000000.0,34212000000.0,19996000000,26179000000,1936248000.0,20939000000.0,22659000000.0,38812000000,95150000000,6144000000.0,20997000000.0,141348000000.0,30938000000.0,23718000000.0,136524000000,6086000000.0,159730000000.0,6844000000.0,5004000000.0,33884000000.0,20000000.0,105.75,108.2300033569336,105.75,68.06568908691406,6554000.0,1936248000.0,95150000000,32.118303027298154,11848000000.0,-633800000.0,0.360263570185483,0.054204771029592314,0.0,340.60743801652893,0.2570760079203337,1.0,0.23813977929584865,0.07453868271318864,0.08679710138936542,0.27403030334996165,0.4718721496565741,0.130511236918854,0.7219706867745587,0.3753381780241911,0.4718721496565741,174067142.47572103,-1.0739300897272651e-07,-0.0012149097716097623,-0.0067616070829784975,0.007969574807461015,0.08001196652580214,0.010648950347299053,0.007969544829033882
148,CVX,2013-12-31,228848000000,148952000000,4510000000.0,750000000.0,0.0,284000000.0,33018000000.0,14308000000,21423000000,1903713000.0,16245000000.0,17718000000.0,35002000000,103326000000,6380000000.0,21622000000.0,164829000000.0,37985000000.0,25502000000.0,149113000000,11960000000.0,173677000000.0,7474000000.0,5004000000.0,38290000000.0,0.0,124.68000030517578,125.16999816894533,123.93000030517578,81.20824432373047,3475600.0,1903713000.0,103326000000,31.934435495266356,12478000000.0,-6652600000.0,0.34912256170034256,0.056448382897767095,0.0,265.443661971831,0.2656523107040481,1.0,0.17147668544219266,0.08463109861247446,0.09448192686848912,0.23570583125746694,0.39324129909719713,0.34593468891909873,0.6683562600012665,0.5038733982437057,0.3932412990971972,153654350.04674408,-1.2206993404643368e-08,0.014663283010974784,0.020552115623965306,0.007730191862011038,0.09001487339536283,0.009559632878242547,0.007128615658631012
149,CVX,2014-12-31,211970000000,134115000000,4494000000.0,707000000.0,0.0,358000000.0,31926000000.0,11892000000,19241000000,1872666000.0,12785000000.0,13207000000.0,31475000000,109835000000,6505000000.0,16736000000.0,183173000000.0,35407000000.0,26912000000.0,155028000000,15960000000.0,184987000000.0,7928000000.0,5006000000.0,42733000000.0,0.0,111.6500015258789,113.30999755859376,111.52999877929688,75.53267669677734,6411800.0,1872666000.0,109835000000,32.63315508478287,12934000000.0,-16440100000.0,0.36729254139736756,0.05772268961531051,0.0,204.91899441340783,0.2883002311647875,1.0,0.12024400236718714,0.0886710922697346,0.07895456904278908,0.24319642612922227,0.43204023095576577,0.4616319092933792,0.7765073189282868,0.48264064012213576,0.43204023095576577,171237146.16818073,-4.5944171079724175e-09,0.00234299040396152,0.010408074414817928,0.003470731061252816,0.08380095231822997,0.005300340162829787,0.007687866543562299
150,CVX,2015-12-31,138477000000,87402000000,4443000000.0,601000000.0,0.0,495000000.0,25467000000.0,132000000,4587000000,1882814000.0,11022000000.0,11332000000.0,19456000000,110654000000,6334000000.0,12860000000.0,188396000000.0,29504000000.0,27110000000.0,152716000000,27071000000.0,181578000000.0,7992000000.0,2000000.0,42493000000.0,1486000000.0,89.37999725341797,90.86000061035156,89.0199966430664,63.31857299804688,6988700.0,1882814000.0,110654000000,24.434171405141452,7994000000.0,-21077800000.0,0.36883381355748607,0.08698972099853157,0.0,94.2060606060606,0.332221235295392,1.0,0.10240931190919443,0.13582947332303996,0.0928674075839309,0.2001339048728908,0.38589264173554805,0.7830098631880369,0.9281722503772489,0.6326985760850918,0.38589264173554805,126250476.30568968,-3.0040408865273832e-09,0.006570417285714503,0.022189641530447963,0.012049869584815989,0.0667114475417883,0.022532213835438752,0.0055351494281044205
151,CVX,2016-12-31,114472000000,75594000000,4305000000.0,476000000.0,0.0,753000000.0,31785000000.0,-1729000000,-497000000,1891507000.0,6988000000.0,7001000000.0,12690000000,113356000000,5419000000.0,14092000000.0,182186000000.0,18109000000.0,30250000000.0,145556000000,32490000000.0,173046000000.0,8032000000.0,2000000.0,41834000000.0,6253000000.0,118.37999725341795,119.0,116.58999633789062,86.64234161376953,7404800.0,1891507000.0,113356000000,18.794009221218847,8034000000.0,-25684700000.0,0.3396289048850374,0.11073100468131077,0.0,45.9136786188579,0.31054755748130547,1.0,0.06176117717632944,0.15674080930205653,0.12310433992592075,0.1282243674145957,0.21691483483904403,0.9397506724900935,0.6916818480974056,0.5237902409394615,0.216914834839044,92726025.75555514,-3.3733055715569786e-09,-0.009221212170776724,0.00741577543883933,0.02226977049008373,0.0,0.032216406527244376,0.014960769377614962
152,CVX,2017-12-31,141722000000,89759000000,4110000000.0,433000000.0,0.0,902000000.0,27737000000.0,-48000000,9195000000,1904702000.0,4813000000.0,4822000000.0,20338000000,104487000000,5585000000.0,15353000000.0,177712000000.0,13404000000.0,32497000000.0,148124000000,30234000000.0,174106000000.0,8132000000.0,1000000.0,40833000000.0,6720000000.0,125.70999908447266,127.73999786376952,125.54000091552734,97.52238464355467,5626000.0,1904702000.0,104487000000,24.675251036645104,8133000000.0,-16550700000.0,0.3666544361496451,0.07909474048842445,0.0,53.05210643015521,0.33162811701782363,1.0,0.04614928172882751,0.11671159592919984,0.10833180451870564,0.16193257558024826,0.2530214076166554,1.0035516314269592,0.5625108580531815,0.2801078302300796,0.2530214076166554,83396237.99937008,-5.892341994208987e-09,-0.0007264591359469885,-0.00019770609252278692,0.020143381405616875,0.0,0.02750661597740176,0.015009604812391107
153,CVX,2018-12-31,166339000000,101019000000,3838000000.0,453000000.0,0.0,921000000.0,27171000000.0,5715000000,14824000000,1902838000.0,9342000000.0,9680000000.0,30618000000,98221000000,5704000000.0,15050000000.0,169207000000.0,13792000000.0,35546000000.0,154554000000,18706000000.0,180987000000.0,8502000000.0,1751000000.0,41593000000.0,5000000000.0,109.1500015258789,110.23999786376952,107.86000061035156,86.36761474609375,6309600.0,1902838000.0,98221000000,28.823262936729243,10253000000.0,-4261600000.0,0.3926920325359657,0.058756889161053275,0.0,66.7557003257329,0.32972423785161625,1.0,0.09855326254059722,0.09277512117367685,0.09047787951111885,0.20888575353347894,0.33372767120482355,0.6209048361934477,0.5976564488460229,0.22432581893887643,0.33372767120482355,118713478.77490994,-2.0266476146539738e-08,0.0176877092169761,0.0063922267901035945,0.01966025114171241,0.0,0.02575567403997278,0.015361228919348298
154,CVX,2019-12-31,146516000000,96726000000,4143000000.0,500000000.0,0.0,817000000.0,26530000000.0,2691000000,2924000000,1882168101.0,0.0,349000000.0,27314000000,92220000000,5848000000.0,13325000000.0,150494000000.0,14116000000.0,38688000000.0,144213000000,13659000000.0,174945000000.0,8959000000.0,4039000000.0,44599000000.0,5054000000.0,119.5,120.62999725341795,119.25,99.55912017822266,4215700.0,1882168101.0,92220000000,22.38854222298819,12998000000.0,-9500200000.0,0.3398263670861885,0.08320947981522395,0.0,55.87148102815178,0.2876068142728439,1.0,0.003784428540446758,0.1281135671566587,0.090945698763275,0.15070795786737504,0.22487685892472772,0.4533806884190261,0.4921365938925554,0.309242666549828,0.22487685892472772,130555593.26691553,-1.0479686762196865e-08,-0.008942689687818861,-0.01467376758165991,0.016643854094915006,0.0,0.021148258902677318,0.012807767250484525
155,CVX,2020-12-31,94692000000,60352000000,4213000000.0,435000000.0,0.0,735000000.0,22183000000.0,-1892000000,-5543000000,1925186317.0,5596000000.0,327000000.0,10577000000,107064000000,5676000000.0,11471000000.0,156618000000.0,8922000000.0,39052000000.0,131688000000,30805000000.0,160377000000.0,9651000000.0,1757000000.0,41498000000.0,2600000000.0,84.9000015258789,85.19999694824219,83.95999908447266,73.72142791748047,8350700.0,1925186317.0,107064000000,16.249855779543232,11408000000.0,-24346600000.0,0.36264943184218307,0.12268491555037857,0.0,40.989115646258504,0.33037637815232546,1.0,0.003054247926473885,0.18840242971420984,0.1211401174333629,0.1256428511537167,0.2204224231485639,1.0225047299764332,0.7543570615003786,0.2961463139376639,0.2204224231485639,154744696.65413237,-3.027996842166071e-09,-0.010014200231260872,0.000217380100236401,0.022957514346900906,0.0,0.03309779125743987,0.01408252376855372
156,CVX,2021-12-31,162465000000,95720000000,4014000000.0,268000000.0,0.0,775000000.0,26791000000.0,5950000000,15625000000,1929806057.0,5640000000.0,374000000.0,29187000000,99595000000,6795000000.0,18419000000.0,146961000000.0,8056000000.0,40696000000.0,139067000000,22164000000.0,165546000000.0,10179000000.0,1383000000.0,41464000000.0,4946000000.0,117.37999725341795,118.08999633789062,117.12999725341795,107.81116485595705,5706600.0,1929806057.0,99595000000,29.021569186628373,11562000000.0,-11000100000.0,0.4108269473425045,0.06013933627987115,0.0,80.94322580645161,0.34472655648908995,1.0,0.0037552085948089763,0.10831965057148778,0.11337211091619734,0.18204474476524388,0.26918890288777736,3.4046082949308754,0.4786963679446521,0.12842135467312812,0.2691889028877773,107243067.22265369,-9.800925887578936e-09,0.023666860085438668,0.019039914072082016,0.02313360666239458,0.0,0.03285591457388101,0.01224748661044578
157,CVX,2022-12-31,246252000000,152093000000,4312000000.0,268000000.0,0.0,630000000.0,34208000000.0,14066000000,35465000000,1908428000.0,17678000000.0,18529000000.0,49602000000,97467000000,8247000000.0,20456000000.0,143591000000.0,11974000000.0,45238000000.0,159282000000,16258000000.0,190024000000.0,10968000000.0,11255000000.0,48196000000.0,2694000000.0,178.0399932861328,179.0,171.50999450683594,165.6051788330078,7565400.0,1908428000.0,97467000000,39.37848323332083,22223000000.0,15506500000.0,0.3823684680733557,0.04579487887509426,0.0,142.61428571428573,0.30517924727514906,1.0,0.19010536899668606,0.09178937527129453,0.08306937608628559,0.18173813138400166,0.2377853368524732,2.4973886328725037,0.3083954096020014,0.1332710051532049,0.23778533685247322,134192663.27660638,1.06797264910204e-08,0.0065730120770575535,-0.008399043625725466,0.027110758909040484,0.0,0.03577852361195612,0.014729678603155097
158,CVX,2023-12-31,200949000000,126915000000,4141000000.0,320000000.0,0.0,617000000.0,32258000000.0,8173000000,21369000000,1862404000.0,8178000000.0,8922000000.0,35609000000,99703000000,8612000000.0,19921000000.0,153036000000.0,15829000000.0,46812000000.0,160957000000,14612000000.0,200025000000.0,11336000000.0,14939000000.0,59065000000.0,1650000000.0,149.99000549316406,151.47999572753906,149.24000549316406,147.86651611328125,8879700.0,1862404000.0,99703000000,32.80867094357615,26275000000.0,6881000000.0,0.3684218383769016,0.05593376016424886,0.0,113.27876823338735,0.3040721775176786,1.0,0.0894857727450528,0.12321691728785429,0.09913460629313905,0.16290215381215006,0.22188032697301985,2.244546850998464,0.3620466137536782,0.22647475426723707,0.22188032697301985,177694049.27259254,2.1489102763156698e-08,-0.014135036321867633,-0.01355145965713711,0.027452030897039507,0.0,0.03277152664551717,0.01402392418190297
159,MRK,2009-12-31,27428000000,19196000000,8543000000.0,5845000000.0,0.0,460000000.0,15641000000.0,2268000000,12899000000,2746500000.0,9311000000.0,9604500000.0,3392000000,53256000000,8048000000.0,6603000000.0,18279000000.0,1461000000.0,432300000.0,59058000000,17500000000.0,41405000000.0,3215000000.0,0.0,21044000000.0,0.0,35.114505767822266,35.37213516235352,34.828243255615234,21.555225372314453,7403072.0,2746500000.0,53256000000,-1.1064991807755324,3215000000.0,-30257000000.0,0.300131252734432,1.037779397473275,0.0,-0.6760869565217391,-0.11079918331631909,0.1,0.18034587652095538,-25.877813504823152,0.24073939040396675,-0.027023559892718044,-0.05133322253251506,-8.001828989483311,0.8995729184572628,-4.697749196141479,-0.05133322253251505,149151769.20995447,-7.124045798431587e-10,0.0,0.0,0.0,0.0,0.0,0.0
160,MRK,2010-12-31,45987000000,34117000000,13125000000.0,11111000000.0,0.0,715000000.0,15641000000.0,671000000,861000000,3082100000.0,10900000000.0,12201000000.0,10822000000,51405000000,5868000000.0,7344000000.0,17082000000.0,1678000000.0,2175000000.0,54376000000,15482000000.0,37536000000.0,4734000000.0,1593000000.0,22433000000.0,0.0,34.3129768371582,34.58969497680664,34.28435134887695,22.18289375305176,5755406.0,3082100000.0,51405000000,-0.8568832938580838,6327000000.0,-24803400000.0,0.25811642420684106,1.1057287278854255,0.0,-1.7552447552447552,-0.05742927349033423,0.1,0.2373504522906332,-4.675697211155378,0.15969730576032357,-0.022049695468408192,-0.03862811152581029,-3.0608936338473707,0.75186598749878,-1.3370517928286854,-0.03862811152581029,285219776.57354003,-8.943489099499166e-10,-0.014004942842530307,0.017789969941994953,0.03397466520607528,0.0,10.601058146833887,0.04052104232182159
161,MRK,2011-12-31,47418000000,32115000000,13733000000.0,8467000000.0,2400000000.0,695000000.0,16245000000.0,942000000,6272000000,3047000000.0,13531000000.0,14972000000.0,12383000000,50611000000,6254000000.0,8261000000.0,16297000000.0,1723000000.0,4344000000.0,54517000000,914549000000.0,38990000000.0,4691000000.0,1921000000.0,23792000000.0,0.0,36.14503860473633,36.79389190673828,36.078243255615234,24.69040298461914,18100427.0,3047000000.0,50611000000,-0.021988841483426322,6612000000.0,-18299800000.0,0.322725547260534,0.8974057374371038,0.15683199372672024,2.258992805755396,-0.0014129655405120418,0.2,0.29582501827665925,3.9834394904458597,0.17421654224134295,-0.0005324108781647311,-0.0008905825270298037,-180.81237643337286,0.6727354070970955,1.0974522292993631,-0.0008905825270298037,267796358.12825486,-1.3492170944283074e-09,0.00753143150870067,0.036462072591935686,0.08674377613583947,0.07393131084744664,12.544165594653036,0.035282852364926336
162,MRK,2012-12-31,46368000000,35779000000,12776000000.0,8168000000.0,2000000000.0,714000000.0,18348000000.0,2440000000,6168000000,3076000000.0,13451000000.0,16141000000.0,10022000000,53112000000,6535000000.0,7672000000.0,16030000000.0,1954000000.0,8605000000.0,53020000000,24238000000.0,39985000000.0,5116000000.0,2591000000.0,24717000000.0,1800000000.0,38.43511581420898,39.093509674072266,38.1870231628418,27.496238708496094,15004635.0,3076000000.0,53112000000,-1.7363459037711313,7707000000.0,-15754900000.0,0.22836870255348515,1.2065350835772972,0.18887524789876287,-3.063025210084034,-0.11518719806763285,0.3,0.3039049555655972,-2.988111568358482,0.16545893719806765,-0.038789914372626605,-0.06314848813247377,-4.792012653222618,0.6279615243759495,-0.893461362597165,-0.06314848813247376,280292882.29951996,-1.7452499672163005e-09,-0.0099159072177853,-0.019252641525766206,0.11233924622269165,0.08716616215172333,11.15681893059738,0.0325777490367761
163,MRK,2013-12-31,42992000000,36139000000,11911000000.0,7503000000.0,2200000000.0,801000000.0,17868000000.0,1028000000,4404000000,2927000000.0,15621000000.0,17486000000.0,11654000000,55880000000,6226000000.0,7184000000.0,14973000000.0,1548000000.0,11370000000.0,49765000000,20539000000.0,39257000000.0,5157000000.0,6516000000.0,29591000000.0,2100000000.0,47.46183013916016,47.786258697509766,47.261451721191406,34.87259292602539,8881695.0,2927000000.0,55880000000,-2.3529210796036897,11673000000.0,-15169200000.0,0.15940174916263491,1.7380709178461988,0.32102728731942215,-6.314606741573034,-0.16019259397097135,0.4,0.31292054402290626,-1.2309213127718466,0.16710085597320432,-0.04360183178367615,-0.06747192801507187,-4.0606959272439695,0.5474562708700764,-0.30604982206405695,-0.06747192801507187,334732780.69003147,-2.298907847877633e-09,-0.05444126603263302,-0.052926542810153104,0.2885435736414812,0.12200136582129481,10.278534507018641,0.030007819590264544
164,MRK,2014-12-31,41438000000,34809000000,11606000000.0,7180000000.0,2500000000.0,732000000.0,18397000000.0,5349000000,11920000000,2849000000.0,7441000000.0,15719000000.0,7989000000,49520000000,5571000000.0,6626000000.0,13136000000.0,1317000000.0,13852000000.0,48647000000,7719000000.0,46021000000.0,5170000000.0,7703000000.0,35262000000.0,1000000000.0,54.64694595336914,55.200382232666016,54.13167953491211,40.77718353271485,7842813.0,2849000000.0,49520000000,-3.8813618813618813,12873000000.0,-9235500000.0,0.1599739369660698,1.750791974656811,0.3771307889576105,-6.799180327868853,-0.2668565085187509,0.5,0.31742730210016157,-1.1193490054249549,0.159901539649597,-0.06673740103542622,-0.09518464849952007,-1.550934297769741,0.4262564472505186,-0.2646172393007836,-0.09518464849952007,315691248.99644446,-4.415265392530437e-09,-0.022798255195805122,-0.05055643681703936,0.3451943410426086,0.13238226793995458,2.9035540976206087,0.005353569085079086
165,MRK,2015-12-31,37549000000,30828000000,10313000000.0,6704000000.0,1600000000.0,672000000.0,19201000000.0,942000000,4442000000,2789000000.0,8524000000.0,13427000000.0,12538000000,57001000000,4700000000.0,6484000000.0,12507000000.0,1283000000.0,13741000000.0,44676000000,9017000000.0,45348000000.0,5117000000.0,4186000000.0,38534000000.0,2300000000.0,50.38167953491211,50.84923553466797,50.24809265136719,39.19174957275391,8690959.0,2789000000.0,57001000000,-1.8666188598063822,9303000000.0,-19794400000.0,0.17899278276385522,1.5344442791251303,0.23805981252789762,-5.345238095238095,-0.13864550320914007,0.6,0.23555727092507148,-1.3084632516703787,0.17268103012064237,-0.031303592678466906,-0.04762785229430163,-2.5103006681514475,0.5214819839853029,-0.3571826280623608,-0.04762785229430162,237371388.14714822,-1.979941274944121e-09,0.006530344533740101,0.007182363587277095,0.32930638484175967,0.08192966623096301,2.3604254084901695,0.005163831137966932
166,MRK,2016-12-31,39807000000,32052000000,10017000000.0,10261000000.0,1600000000.0,693000000.0,17204000000.0,718000000,3920000000,2757000000.0,6515000000.0,14341000000.0,10376000000,55289000000,4866000000.0,7018000000.0,12026000000.0,1614000000.0,12131000000.0,40088000000,8701000000.0,44133000000.0,5124000000.0,3434000000.0,40546000000.0,300000000.0,56.44084167480469,57.614505767822266,56.34542083740234,46.07217025756836,12564158.0,2757000000.0,55289000000,-1.3322451940515052,8558000000.0,-18364400000.0,0.19481498228954708,1.2916827852998065,0.2063185041908446,-3.264069264069264,-0.09227020373301179,0.7,0.2593825173180922,-2.151193633952255,0.17630065063933478,-0.020147005298162494,-0.028916484433086913,-3.8465959328028294,0.43527457332451464,-0.713527851458886,-0.02891648443308691,185752048.4091839,-2.5087762332321425e-09,0.01161368177449243,0.05819543492857971,0.2236898918049378,0.07164972918684887,0.7149172124825273,0.005713963713204434
167,MRK,2017-12-31,40122000000,27227000000,10074000000.0,10339000000.0,1500000000.0,754000000.0,18614000000.0,4103000000,2394000000,2715000000.0,6092000000.0,8498000000.0,6451000000,53536000000,5096000000.0,6873000000.0,12439000000.0,1888000000.0,12892000000.0,34336000000,10700000000.0,41350000000.0,5167000000.0,4014000000.0,43794000000.0,3000000000.0,53.99809265136719,54.15076446533203,53.48282241821289,44.38197708129883,10556504.0,2715000000.0,53536000000,-0.7499079189686925,9181000000.0,-21611800000.0,0.32139474602462487,0.7812330360604886,0.11632415664986429,3.7413793103448274,-0.0507452270574747,0.8,0.15873430962343096,1.8064516129032258,0.17130252729176013,-0.011698926106524545,-0.01689667672071058,5.924695459579181,0.4442929690176629,0.6692662176533144,-0.01689667672071058,206863249.5389347,-2.0535992874864115e-09,0.04746732108692322,0.029300092050555126,0.3600487802934125,0.09067666008990397,1.3539219825572386,0.0056123815256178475
168,MRK,2018-12-31,42294000000,26927000000,10102000000.0,9752000000.0,1416000000.0,772000000.0,22206000000.0,2508000000,6220000000,2616000000.0,7965000000.0,10214000000.0,10922000000,55936000000,5440000000.0,7071000000.0,13291000000.0,2615000000.0,6233000000.0,26701000000,8100000000.0,42579000000.0,5172000000.0,9091000000.0,50929000000.0,5308000000.0,72.34732818603516,73.18701934814453,72.19465637207031,62.1695556640625,9687502.0,2616000000.0,55936000000,0.7587920489296636,14263000000.0,-28454000000.0,0.3633375892561593,0.6573827031951585,0.0921455066050628,6.819948186528498,0.04693337116375845,0.9,0.18260154462242562,1.0332383665717,0.16718683501205844,0.00908169398452376,0.012205203026218315,4.485049833887043,0.3439346279468754,0.49667616334283,0.012205203026218314,229420973.78130075,-2.1849144466177865e-09,0.05617420232220407,0.04640119163225675,0.4227012049468321,0.10130970576417836,1.504556898993243,0.005605262397265103
169,MRK,2019-12-31,39121000000,27860000000,9455000000.0,9724000000.0,1615000000.0,893000000.0,22220000000.0,1565000000,9843000000,2544000000.0,9676000000.0,12037000000.0,13440000000,58490000000,5978000000.0,6778000000.0,14297000000.0,3369000000.0,1469000000.0,25907000000,24826000000.0,46602000000.0,5695000000.0,4780000000.0,55950000000.0,1900000000.0,86.75572204589844,86.82251739501953,86.2977066040039,76.01561737060547,4710760.0,2544000000.0,58490000000,-0.2562893081761006,10475000000.0,-33713200000.0,0.28785051506863324,0.8396234792647189,0.14341532723559186,2.0223964165733483,-0.0166662406380205,0.9,0.20579586254060522,3.310077519379845,0.1732573298228573,-0.00258859865405814,-0.0033715349166552363,13.74640088593577,0.302455639992584,1.8654485049833887,-0.003371534916655236,137800630.4800543,-2.2547731265677974e-09,-0.011181410318663876,0.011359662139818066,0.3345137651909086,0.05481388241074885,2.008971540150031,0.0029694173232391184
170,MRK,2020-12-31,41518000000,29810000000,8955000000.0,13397000000.0,1669000000.0,831000000.0,27327000000.0,1340000000,7067000000,2530000000.0,8050000000.0,9849000000.0,10253000000,66271000000,5554000000.0,7851000000.0,17000000000.0,4429000000.0,785000000.0,25317000000,27669000000.0,47362000000.0,6215000000.0,1281000000.0,56787000000.0,2300000000.0,76.94656372070312,78.18701934814453,76.69847106933594,70.53883361816406,5511118.0,2530000000.0,66271000000,0.2300395256916996,7496000000.0,-43179200000.0,0.2819981694686642,0.7648616330714042,0.14255210112743424,3.3128760529482553,0.014018016282094514,1.0,0.14861704214513136,2.017435524881947,0.18909870417650176,0.0023780897126159484,0.003261175637478409,10.050490374137304,0.37134256129094784,1.6087904104613149,0.003261175637478409,106267705.53900605,-1.6336299333513373e-09,-0.02711313992916503,-0.010971784960554646,0.22037811228748777,0.03812297362437222,1.8301184927997252,0.007447117549085605
171,MRK,2021-12-31,48704000000,25611000000,9634000000.0,12245000000.0,1578000000.0,806000000.0,23872000000.0,1521000000,13049000000,2527000000.0,8096000000.0,8096000000.0,41769000000,67510000000,5953000000.0,9230000000.0,19279000000.0,4448000000.0,2070000000.0,38184000000,32988000000.0,53696000000.0,6610000000.0,840000000.0,57109000000.0,2300000000.0,77.13999938964844,77.55000305175781,76.62000274658203,71.77670288085938,6019500.0,2527000000.0,67510000000,4.4052235852789865,7450000000.0,-43127700000.0,0.47414996714848884,0.4171826960550816,0.06833239509808167,16.698511166253102,0.22856438896189224,1.0,0.1199229743741668,0.44230626346682517,0.18951215505913271,0.04472663488929629,0.06137400310224787,2.4509993313024743,0.3722025646274482,0.3304851772048443,0.061374003102247866,103794124.01216167,-1.6642831145843478e-09,0.06209981735995187,0.08174354319997092,0.1495238680842626,0.029115558087931072,0.9724621360946779,0.009380394214007177
172,MRK,2022-12-31,59283000000,31360000000,10042000000.0,13548000000.0,1800000000.0,962000000.0,24239000000.0,1918000000,14519000000,2535000000.0,12694000000.0,13192000000.0,52888000000,63169000000,5911000000.0,9450000000.0,21422000000.0,4388000000.0,1613000000.0,45991000000,30454000000.0,61081000000.0,7012000000.0,0.0,56489000000.0,1700000000.0,110.41000366210938,111.1999969482422,109.48999786376952,107.4333953857422,8062500.0,2535000000.0,63169000000,5.917554240631164,7012000000.0,-33564100000.0,0.47101192584720747,0.35963184471582565,0.06446298750134298,18.58731808731809,0.25304050064942735,1.0,0.20883661289556588,0.33057435266483975,0.1594048884165781,0.044710682811763734,0.05508114324585984,1.703148593479112,0.23194591945188456,0.24540014540573793,0.05508114324585984,65268345.79530177,-3.200842429433299e-09,0.06300458545951443,0.07967416145577762,0.18909854375878776,0.034638658158037794,1.115474236155048,0.011952170152801377
173,MRK,2023-12-31,60115000000,29523000000,10504000000.0,30531000000.0,1800000000.0,1146000000.0,25694000000.0,1512000000,365000000,2534000000.0,6841000000.0,7857000000.0,17926000000,69094000000,6358000000.0,10349000000.0,23051000000.0,3863000000.0,252000000.0,37581000000,35028000000.0,53895000000.0,7445000000.0,1346000000.0,57450000000.0,1300000000.0,109.16000366210938,113.31999969482422,109.16000366210938,112.5262222290039,11920100.0,2534000000.0,69094000000,6.878453038674033,8791000000.0,-44916600000.0,0.5088912916909257,0.34335774058577406,0.05883891213389121,17.528795811518325,0.28994427347583795,1.0,0.1137146496077807,0.3165073675826364,0.17215337270232056,0.049204561941220006,0.061127556781170385,1.7437275985663083,0.24231482548698718,0.19230386300278773,0.061127556781170385,78124012.57112584,-2.505225734561474e-09,0.011580441514145631,0.02045996150464857,0.2128381195735088,0.03887206451825671,1.1997021853666225,0.01139756801265943
174,KO,2009-12-31,30635000000,22446000000,11358000000.0,0.0,1005000000.0,355000000.0,13721000000.0,2040000000,6824000000,2314000000.0,7021000000.0,9151000000.0,8186000000,23872000000,2354000000.0,3758000000.0,9561000000.0,1993000000.0,6755000000.0,24799000000,5110000000.0,41537000000.0,3800000000.0,1518000000.0,25398000000.0,51000000.0,28.790000915527344,28.875,28.46500015258789,18.338367462158203,10848800.0,2314000000.0,23872000000,-2.404494382022472,5318000000.0,-1870400000.0,0.2673086339154562,1.3869825375503724,0.12272560752228599,-8.926760563380281,-0.1816223274032969,0.3,0.38333612600536193,-0.7428210792047965,0.12267014852293129,-0.08391273145567636,-0.13111823541458756,-0.5125376128385155,0.562554729657986,-0.6289050173556326,-0.13111823541458756,289993098.40278095,-9.804516393369441e-09,0.0,0.0,0.0,0.0,0.0,0.0
175,KO,2010-12-31,34386000000,26431000000,13194000000.0,0.0,1188000000.0,733000000.0,18508000000.0,2370000000,11787000000,2311000000.0,8517000000.0,11199000000.0,9532000000,41918000000,2650000000.0,4430000000.0,14727000000.0,2215000000.0,6954000000.0,31003000000,15317000000.0,49278000000.0,4068000000.0,2961000000.0,27762000000.0,1276000000.0,32.68000030517578,32.900001525878906,32.68000030517578,21.82633781433105,10773400.0,2311000000.0,41918000000,-3.6096927736910427,7029000000.0,-15950600000.0,0.23134415168964112,1.6585795097423004,0.14934003771213072,-7.147339699863575,-0.24259873204211016,0.4,0.2671644639534329,-0.505821721702615,0.1288315011923457,-0.09032178894588622,-0.16538242944819348,-1.536308926780341,0.831035804076885,-0.4227906088948273,-0.16538242944819348,322042115.3467531,-1.368370958730772e-09,-0.01198816074193835,-0.020325468212937754,0.135798486095964,0.013307215094922366,0.11849967875109074,0.003080676334707211
176,KO,2011-12-31,46350000000,38898000000,17422000000.0,0.0,1654000000.0,417000000.0,24283000000.0,2812000000,8584000000,2269000000.0,12803000000.0,13891000000.0,9474000000,48339000000,3092000000.0,4920000000.0,14939000000.0,2920000000.0,7233000000.0,31635000000,15697000000.0,53621000000.0,4300000000.0,4513000000.0,31304000000.0,2041000000.0,35.07500076293945,35.35499954223633,35.04999923706055,23.94885635375977,15639600.0,2269000000.0,48339000000,-5.817100044072278,8813000000.0,-18745200000.0,0.16077669902912622,2.3378958668813743,0.22195383789586687,-23.908872901678656,-0.2847680690399137,0.5,0.2873663087775916,-0.31013039117352054,0.10614886731391586,-0.12854630232094216,-0.24289677795654083,-1.3747591522157996,0.889566433035929,-0.2928786359077232,-0.2428967779565408,367992519.9691815,-1.2775994043146922e-09,-0.03551064496210998,-0.03438191387887227,0.3999266305322481,0.04193557701274409,0.17691335726522336,0.00957668975033278
177,KO,2012-12-31,47759000000,39780000000,17738000000.0,0.0,1704000000.0,397000000.0,27821000000.0,2723000000,9019000000,4477000000.0,8442000000.0,13459000000.0,10645000000,53384000000,3264000000.0,4759000000.0,14476000000.0,2780000000.0,9216000000.0,32790000000,16313000000.0,58045000000.0,4595000000.0,4559000000.0,35009000000.0,1577000000.0,35.880001068115234,36.27999877929688,35.58000183105469,25.45030403137207,15651400.0,4477000000.0,53384000000,-2.8767031494304223,9154000000.0,-22374600000.0,0.16706798718566135,2.2230855996992105,0.21356059656598572,-24.581863979848865,-0.26966645030256076,0.6,0.25211673909785703,-0.33446049800184446,0.099646139994556,-0.0769699634956163,-0.1130321722634185,-1.428709055876686,0.46852313720866007,-0.2848652525873553,-0.11303217226341851,359681361.31953675,-1.1374640901456147e-09,-0.021425388167993258,-0.009022572753483532,0.392936750783717,0.04203648377348706,0.17291616667777715,0.011857467633092174
178,KO,2013-12-31,47032000000,38791000000,17310000000.0,0.0,1727000000.0,463000000.0,27811000000.0,2851000000,8584000000,4410000000.0,10414000000.0,17121000000.0,10542000000,56882000000,3277000000.0,4873000000.0,14967000000.0,2550000000.0,10555000000.0,33173000000,20178000000.0,61660000000.0,4969000000.0,4832000000.0,39091000000.0,1024000000.0,41.130001068115234,41.38999938964844,40.97999954223633,29.836162567138672,11729200.0,4410000000.0,56882000000,-2.8079365079365077,9801000000.0,-20675700000.0,0.17522112604184384,2.1004732435384055,0.2095619463657323,-19.58747300215983,-0.2632888246300391,0.7,0.30099152631764003,-0.3613408314036829,0.10361030787548903,-0.0657064330343305,-0.09411185173756723,-1.767209668943773,0.43230803121507705,-0.2811776381078399,-0.09411185173756723,328493987.05163074,-1.4430545310262129e-09,0.004814809004239205,0.007159748136624862,0.3603404497594665,0.03980443778944926,0.16101515205879488,0.011438772045215432
179,KO,2014-12-31,44269000000,38469000000,17218000000.0,0.0,1716000000.0,483000000.0,32374000000.0,2201000000,7098000000,4372000000.0,8958000000.0,18010000000.0,10615000000,61703000000,3100000000.0,4466000000.0,14633000000.0,2406000000.0,10113000000.0,30320000000,22615000000.0,63408000000.0,5350000000.0,4162000000.0,42225000000.0,3552000000.0,42.91999816894531,42.93999862670898,42.220001220703125,31.40735244750977,9369500.0,4372000000.0,61703000000,-3.2255260750228727,9512000000.0,-25530600000.0,0.1310171903589419,2.9686206896551726,0.29586206896551726,-23.63975155279503,-0.3185524859382412,0.8,0.2918820802878304,-0.27150113855316166,0.10088323657638527,-0.0708586440501013,-0.10269971276355129,-1.9806445962515327,0.44936040112391185,-0.21071991592222805,-0.10269971276355129,302859020.539765,-1.2301846587040558e-09,-0.012016932275573147,-0.01629534521189348,0.4234863328957601,0.046654514422499335,0.08022590985557106,0.010741768647231493
180,KO,2015-12-31,43555000000,37604000000,16427000000.0,0.0,1735000000.0,856000000.0,26929000000.0,2239000000,7351000000,4337000000.0,7309000000.0,15631000000.0,10528000000,64442000000,2902000000.0,3941000000.0,12571000000.0,2553000000.0,12508000000.0,25554000000,30987000000.0,65018000000.0,5741000000.0,3564000000.0,45066000000.0,2676000000.0,43.29999923706055,43.34000015258789,42.869998931884766,33.02164840698242,9727900.0,4337000000.0,64442000000,-3.12912151256629,9305000000.0,-29185000000.0,0.1366318447939387,2.7603764073264996,0.2915476390522601,-12.238317757009346,-0.31158305590632535,0.8,0.2425592005213991,-0.2770141275295914,0.09048329698082884,-0.06535299674445098,-0.09475970048498965,-2.9579037800687287,0.4499671813907378,-0.24369988545246277,-0.09475970048498965,281784842.6377303,-1.1314595993483784e-09,-0.012863093749301715,-0.016098077092095413,0.33093262974462095,0.038775873367222345,0.034060208193258674,0.005332854811684438
181,KO,2016-12-31,41863000000,16465000000,15370000000.0,0.0,1575000000.0,733000000.0,26532000000.0,1586000000,6527000000,4302000000.0,8555000000.0,18150000000.0,8792000000,64208000000,2675000000.0,3856000000.0,10635000000.0,2262000000.0,16400000000.0,23062000000,33211000000.0,65502000000.0,6043000000.0,3681000000.0,47988000000.0,3527000000.0,41.5,41.810001373291016,41.27999877929688,33.173553466796875,14711000.0,4302000000.0,64208000000,1.7919572291957229,9724000000.0,-23108700000.0,0.606693261352507,0.6051657610835499,0.06201275690999291,13.680763983628923,0.18414829324224255,0.8,0.2826750560677797,0.26675309134423614,0.0921099777846786,0.03725583143275731,0.05401764483835829,3.439059749404577,0.4499111350086015,0.2255684084563223,0.05401764483835829,293125064.51057976,-1.4355439062689322e-09,0.15855869033118838,0.16756692639349458,0.8288912311621826,0.08465666034333402,0.23362869989135332,0.005129461167960645
182,KO,2017-12-31,36212000000,13721000000,12834000000.0,0.0,1131000000.0,853000000.0,27194000000.0,5607000000,1248000000,4263000000.0,6102000000.0,15358000000.0,7041000000,70824000000,2655000000.0,3667000000.0,9638000000.0,1675000000.0,20999000000.0,17072000000,34480000000.0,60430000000.0,6320000000.0,3682000000.0,50677000000.0,3298000000.0,45.90999984741211,45.93999862670898,45.5099983215332,37.35706329345703,10872200.0,4263000000.0,70824000000,0.749941355852686,10002000000.0,-28278300000.0,0.6210924555396001,0.5706282513005202,0.050286781379218354,11.321219226260258,0.08828565116535955,0.7,0.21684739636281486,0.2749301025163094,0.10126477410803049,0.013895338366510265,0.020074954767229675,3.570467018742881,0.4447258668859163,0.17344931138034586,0.020074954767229675,267740531.99604204,-1.321050533216531e-09,0.16148687024855382,0.13328956902389497,1.0312380464691113,0.10721018710016524,0.2830725727245999,0.005312195302359991
183,KO,2018-12-31,34300000000,13067000000,11002000000.0,0.0,999000000.0,950000000.0,28782000000.0,1749000000,6434000000,17035987226.0,9077000000.0,11102000000.0,7627000000,66235000000,3071000000.0,3396000000.0,9598000000.0,1347000000.0,19407000000.0,16981000000,30379000000.0,63234000000.0,6644000000.0,1912000000.0,51719000000.0,5003000000.0,47.4900016784668,47.540000915527344,46.959999084472656,40.18523406982422,10576300.0,17035987226.0,66235000000,0.44212289549647027,8556000000.0,-29554100000.0,0.6190379008746356,0.5181557010314134,0.04704940422926576,10.769473684210526,0.21959183673469387,0.6,0.1676153091265947,0.30016616166552634,0.09900874635568513,0.01003156327382763,0.01100212318605027,3.0841624365482234,0.09675061460807749,0.13165868439057765,0.01100212318605027,212914026.7077565,-1.3597177403414153e-09,0.004114879840709536,0.011814514497483775,1.1289540618871896,0.11797684696477179,0.27206036650018883,0.004546870084600948
184,KO,2019-12-31,37266000000,14619000000,12103000000.0,0.0,1208000000.0,946000000.0,26973000000.0,1801000000,8920000000,4285000000.0,6480000000.0,7947000000.0,10471000000,67400000000,3379000000.0,3971000000.0,10838000000.0,2054000000.0,19025000000.0,18981000000,31769000000.0,65855000000.0,6845000000.0,1103000000.0,52244000000.0,4253000000.0,55.20000076293945,55.380001068115234,54.97999954223633,48.46318054199219,7982600.0,4285000000.0,67400000000,1.819603267211202,7948000000.0,-33394100000.0,0.6077121236515859,0.5344195699209608,0.053340398286748796,11.145877378435518,0.2092255675414587,0.5,0.1179080118694362,0.32046661608497723,0.10655825685611549,0.028346055268694357,0.037546096786498756,3.225279187817259,0.32456161644350595,0.19480273141122914,0.037546096786498756,164000792.17073357,-1.4512497878964305e-09,-0.0044601106293380805,0.04031330545869972,0.8818268541725316,0.09548007791635303,0.2278277004534263,0.005933753492626802
185,KO,2020-12-31,33014000000,13433000000,9731000000.0,0.0,1301000000.0,1437000000.0,14601000000.0,1981000000,7747000000,4301000000.0,6795000000.0,8566000000.0,9844000000,67997000000,3266000000.0,3144000000.0,10777000000.0,1177000000.0,19273000000.0,19299000000,40610000000.0,66555000000.0,7047000000.0,118000000.0,52016000000.0,485000000.0,54.45000076293945,54.93000030517578,54.27000045776367,49.65979766845703,8495000.0,4301000000.0,67997000000,1.4954661706579866,7165000000.0,-33854400000.0,0.5931120130853578,0.49696134007456205,0.0664419590419284,6.85455810716771,0.19482643726903737,0.4,0.12597614600644147,0.3315736040609137,0.09523232568001454,0.022842223997365962,0.030114221983789484,4.122842639593909,0.31835770401612773,0.11949238578680203,0.030114221983789487,144281699.4107705,-1.4668639133600665e-09,-0.008641962596425948,-0.008255133155218836,0.03851487750031569,0.0072782462067991,0.025068672461771937,0.004975698390400323
186,KO,2021-12-31,38655000000,15357000000,12144000000.0,0.0,1262000000.0,1597000000.0,19950000000.0,2621000000,9771000000,4321000000.0,9684000000.0,10926000000.0,12625000000,71355000000,3414000000.0,3512000000.0,9920000000.0,1367000000.0,17598000000.0,22999000000,39454000000.0,69094000000.0,7252000000.0,111000000.0,51641000000.0,1338000000.0,58.75,59.34999847412109,58.70000076293945,55.30733871459961,10021300.0,4321000000.0,71355000000,1.6051839851886138,7363000000.0,-36330400000.0,0.6027163368257664,0.5212464589235127,0.05416773972014765,6.984345648090169,0.17943344974776873,0.3,0.15312171536682784,0.3060785368477676,0.09085499935325314,0.02234982426712026,0.02902298361293037,-126.86173633440515,0.29857770987610244,0.12255693024923794,0.02902298361293037,133128806.61271758,-1.522343236369531e-09,-0.0016652622752731567,-0.009930705931229994,0.02434707075028708,0.006588374994091221,0.01929042923720985,0.0053277932256379605
187,KO,2022-12-31,43004000000,18000000000,12880000000.0,0.0,1125000000.0,882000000.0,19724000000.0,2115000000,9542000000,4325000000.0,9519000000.0,10562000000.0,11018000000,68658000000,4233000000.0,3487000000.0,9841000000.0,1484000000.0,18264000000.0,24105000000,36776000000.0,71019000000.0,7616000000.0,1418000000.0,52601000000.0,399000000.0,63.560001373291016,63.560001373291016,62.18000030517578,60.54047393798828,12180500.0,4325000000.0,68658000000,2.1102890173410405,9034000000.0,-32957700000.0,0.5814342851827737,0.5151175811870101,0.04499280115181571,13.746031746031745,0.21223607106315692,0.2,0.15383495004223835,0.34914219729462226,0.081085480420426,0.027616105590607357,0.034857490866401435,-29.30358565737052,0.26221601927307875,0.12240184757505773,0.034857490866401435,149222485.59291992,-1.8369144065874827e-09,-0.0038925759675280114,0.005803211264706519,0.012064316244154945,0.007503247837184602,0.01766119799892968,0.00847927492933115
188,KO,2023-12-31,45754000000,18520000000,13972000000.0,0.0,1018000000.0,1527000000.0,23571000000.0,2249000000,10714000000,4317000000.0,9366000000.0,12363000000.0,11599000000,71762000000,4424000000.0,3410000000.0,9236000000.0,1852000000.0,19671000000.0,25941000000,37507000000.0,73782000000.0,7952000000.0,2289000000.0,54535000000.0,1960000000.0,58.79999923706055,59.880001068115234,58.66999816894531,59.345314025878906,16322600.0,4317000000.0,71762000000,2.197359277275886,10241000000.0,-32940800000.0,0.5952266468505486,0.5130351766174635,0.037379745905852975,8.685003274394237,0.207326135419854,0.1,0.17227780719600902,0.33358467802744685,0.07452900292870569,0.02892463647594592,0.037026668631623995,-29.88605577689243,0.2801083485497155,0.13964711204946464,0.037026668631623995,172566278.70456922,-1.8015747652114977e-09,-0.002496563325072606,0.009297561890695092,0.012155028425931025,0.009748989898774941,0.014339534038749555,0.011140009525567372
189,CSCO,2010-07-31,40040000000,14397000000,10715000000.0,0.0,0.0,623000000.0,19233000000.0,1648000000,7767000000,5655000000.0,4581000000.0,39861000000.0,10173000000,36845000000,1327000000.0,4929000000.0,3941000000.0,1008000000.0,0.0,44267000000,15225000000.0,5851000000.0,0.0,7864000000.0,0.0,3037000000.0,23.43000030517578,23.940000534057617,23.39999961853028,16.27181053161621,43032200.0,5655000000.0,36845000000,2.2381962864721485,7864000000.0,8410900000.0,0.6404345654345655,0.4178528253324494,0.0,23.96147672552167,0.3161088911088911,1.0,1.0818564255665626,0.08889335476956056,0.1231018981018981,0.09822128557594467,0.1375505376075589,1.0276052915766738,0.40041475532515663,0.06752411575562701,0.1375505376075589,483289796.46857417,1.9346099147078447e-09,0.0,0.0,0.0,0.0,0.0,0.0
190,CSCO,2011-07-30,43218000000,16682000000,11720000000.0,5823000000.0,0.0,628000000.0,17506000000.0,1335000000,6490000000,5435000000.0,7662000000.0,44585000000.0,10079000000,39836000000,1486000000.0,7809000000.0,3916000000.0,1174000000.0,3488000000.0,47226000000,16234000000.0,7284000000.0,658000000.0,6713000000.0,0.0,0.0,16.079999923706055,16.25,15.550000190734863,10.90196132659912,60652700.0,5435000000.0,39836000000,2.3648574057037717,7371000000.0,16010400000.0,0.6140034244990513,0.4416641543563461,0.0,23.59235668789809,0.2973992318015642,1.0,1.1192137764835828,0.10029697624190065,0.1806886019714008,0.1297127731974924,0.21692036275471654,1.095707343412527,0.6723130452576743,0.07923866090712743,0.21692036275471654,676116872.8434108,6.809299784264677e-10,-0.008810380311838043,-0.00623655310244231,0.011905664511948355,0.0,0.005701810736170043,0.028793351934751348
191,CSCO,2012-07-28,46061000000,17852000000,11969000000.0,5488000000.0,0.0,596000000.0,17731000000.0,2118000000,8041000000,5298000000.0,9799000000.0,48716000000.0,11491000000,40458000000,1663000000.0,8030000000.0,3402000000.0,1126000000.0,153000000.0,51286000000,16297000000.0,11354000000.0,1501000000.0,4560000000.0,-51301000000.0,0.0,15.710000038146973,16.06999969482422,15.670000076293944,11.102839469909668,36366500.0,5298000000.0,40458000000,2.5530388825972063,6061000000.0,16346900000.0,0.612426998979614,0.4242972101102485,0.0,27.248322147651006,0.29365406743231803,1.0,1.204112907212418,0.10240147783251231,0.17433403530101388,0.136239777197523,0.22994468122468295,1.0035098522167487,0.6877940198867531,0.06933497536945812,0.22994468122468295,545896391.3173926,6.79201528724692e-10,-0.009335855484983835,-0.007484941225524362,0.010056066369751681,0.0,0.005934277998891524,0.025779709640014723
192,CSCO,2013-07-27,48607000000,19167000000,11802000000.0,5942000000.0,0.0,583000000.0,21996000000.0,1244000000,9983000000,5389000000.0,7925000000.0,50610000000.0,12894000000,42063000000,1476000000.0,9507000000.0,3322000000.0,1160000000.0,833000000.0,59120000000,16201000000.0,16215000000.0,3310000000.0,2773000000.0,0.0,3273000000.0,25.36000061035156,25.46999931335449,25.229999542236328,18.25742530822754,17839400.0,5389000000.0,42063000000,2.93393950640193,6083000000.0,18388000000.0,0.60567407986504,0.40088315217391307,0.0,30.253859348198972,0.3252823667373012,1.0,1.2031952071892162,0.08368295725138905,0.19558911267924373,0.11257205429596816,0.16069842581143012,0.9919789370560862,0.4275161523563459,0.0657670937748044,0.16069842581143012,333179509.0109859,9.92898918219901e-10,-0.00277644821133712,0.00929437831191234,0.01459751325708613,0.0,0.007788203340523791,0.027282710496991543
193,CSCO,2014-07-26,47142000000,19373000000,11437000000.0,6294000000.0,0.0,564000000.0,19809000000.0,1862000000,7853000000,5107000000.0,6726000000.0,52074000000.0,23418000000,48409000000,1591000000.0,9310000000.0,3252000000.0,1275000000.0,899000000.0,56654000000,20837000000.0,14093000000.0,3758000000.0,9413000000.0,0.0,500000000.0,25.729999542236328,26.0,25.56999969482422,19.27103042602539,27686400.0,5107000000.0,48409000000,2.7229293127080476,13171000000.0,13457900000.0,0.5890501039412838,0.4118621484389067,0.0,28.95744680851064,0.2949811208688643,0.9,1.0757090623644363,0.09741611560127357,0.19748843918374273,0.09471064775619127,0.14129650841247965,1.2758388439872643,0.4918756418624858,0.07806759735488611,0.14129650841247965,683461118.000865,1.4319492956572267e-09,-0.00779229834611006,0.00044235114551542204,0.01357735640948653,0.0,0.007113052974464608,0.027029514651817046
194,CSCO,2015-07-25,49161000000,19480000000,11861000000.0,6207000000.0,0.0,566000000.0,23412000000.0,2220000000,8981000000,5085000000.0,6877000000.0,60416000000.0,23555000000,53666000000,1627000000.0,9835000000.0,3332000000.0,1227000000.0,897000000.0,59698000000,25351000000.0,16045000000.0,4086000000.0,4324000000.0,0.0,3894000000.0,28.309999465942383,28.559999465942383,28.190000534057617,21.60686683654785,30914400.0,5085000000.0,53666000000,2.9565388397246806,8410000000.0,16994900000.0,0.6037509407863957,0.3996159159057983,0.0,31.48409893992933,0.30581151725961636,0.8,1.125777959974658,0.09130190796857464,0.20005695571693008,0.09193031271701413,0.13683329758499355,2.966069966069966,0.4884459058265441,0.06885521885521885,0.13683329758499355,389228112.6930698,1.2713735789294349e-09,-0.000641046359548092,-0.006490283159228283,0.015754420858123085,0.0,0.006788620033530135,0.01019708409713298
195,CSCO,2016-07-30,49247000000,18287000000,11433000000.0,6296000000.0,0.0,676000000.0,24911000000.0,2181000000,10739000000,5029000000.0,7631000000.0,65756000000.0,13570000000,58067000000,1217000000.0,10119000000.0,3506000000.0,1146000000.0,1003000000.0,63586000000,28642000000.0,19396000000.0,4750000000.0,3909000000.0,0.0,4159000000.0,30.700000762939453,30.75,30.36000061035156,24.35021209716797,22438700.0,5029000000.0,58067000000,3.314774309007755,8659000000.0,18096900000.0,0.6286677361057527,0.3692829457364341,0.0,28.88609467455621,0.33849777651430546,0.7,1.1324160022043501,0.06232396169406463,0.20547444514386662,0.09234218162293328,0.13612917603265054,3.3597653958944282,0.4741819354941763,0.058687970502381316,0.13612917603265054,355602652.0609682,1.3455460381152556e-09,0.013205877388156298,0.01450555188181372,0.01826729265433794,0.0,0.014022929096216179,0.01065891197825941
196,CSCO,2017-07-29,48005000000,17781000000,11177000000.0,6059000000.0,0.0,861000000.0,27583000000.0,2678000000,9609000000,4983000000.0,11708000000.0,70492000000.0,13876000000,63681000000,1616000000.0,10002000000.0,3322000000.0,964000000.0,983000000.0,66137000000,30472000000.0,20838000000.0,5511000000.0,3685000000.0,0.0,4747000000.0,31.540000915527344,31.59000015258789,31.3700008392334,25.802045822143555,19256400.0,4983000000.0,63681000000,3.112181416817178,9196000000.0,17268000000.0,0.6296010832204979,0.36980545262043407,0.0,22.121951219512194,0.32304968232475784,0.6,1.1069549787220678,0.08484275738961516,0.2083532965316113,0.08066471120405366,0.12061762227188495,3.871918678526048,0.4952960281078092,0.05061164487845855,0.12061762227188494,356405847.1715413,1.4942115949816746e-09,0.00861671414470074,0.005746055021713825,0.017466872524183278,0.0,0.0118653616371049,0.004812891818506717
197,CSCO,2019-07-27,51037000000,31092000000,11398000000.0,6577000000.0,0.0,859000000.0,31712000000.0,2950000000,11621000000,4250000000.0,11750000000.0,33413000000.0,15831000000,64222000000,1383000000.0,10586000000.0,2789000000.0,909000000.0,1200000000.0,33571000000,20500000000.0,-5903000000.0,5979000000.0,20717000000.0,0.0,5998000000.0,56.68999862670898,57.150001525878906,56.540000915527344,49.53783416748047,12051100.0,4250000000.0,64222000000,1.1148235294117648,26696000000.0,-19890900000.0,0.3907949134941317,0.5714715467535724,0.0,9.949941792782305,0.09283461018476791,0.5,0.520273426551649,0.1618111618111618,0.2074181476183945,0.01724427871590613,0.022504486684716628,2.6048284625158833,0.3050407648513869,0.10635310635310635,0.02250448668471663,538901234.7561375,-2.490477261837346e-09,-0.07929094087054032,-0.08188772210984585,0.0753922308941359,0.0,0.03332001525435414,0.004253580515705399
198,CSCO,2020-07-25,48991000000,29372000000,11094000000.0,6347000000.0,0.0,585000000.0,25331000000.0,2756000000,11214000000,4237000000.0,11809000000.0,29419000000.0,15426000000,56933000000,1282000000.0,10523000000.0,2453000000.0,770000000.0,1300000000.0,37920000000,14600000000.0,-2763000000.0,6016000000.0,2659000000.0,0.0,3005000000.0,46.65999984741211,47.2599983215332,46.150001525878906,42.404293060302734,15576000.0,4237000000.0,56933000000,1.2235071984894972,8675000000.0,-16664000000.0,0.40046130922006085,0.5654722462918599,0.0,14.572649572649572,0.10581535384050132,0.4,0.5167301916287567,0.15038123167155426,0.21479455410177378,0.021910398249170453,0.02885338040536508,1.855146124523507,0.31688069186316553,0.09032258064516129,0.028853380405365076,204578342.75561124,-2.54466472997496e-09,-0.07637992466681236,-0.0724114428280855,0.09321220463126938,0.0,0.03891134307583595,0.004755074282322077
199,CSCO,2021-07-31,49690000000,30409000000,11411000000.0,6549000000.0,0.0,434000000.0,26257000000.0,2671000000,10591000000,4217000000.0,9175000000.0,24518000000.0,15454000000,56222000000,1559000000.0,10146000000.0,2338000000.0,692000000.0,1500000000.0,41275000000,11500000000.0,-654000000.0,6163000000.0,2877000000.0,0.0,2508000000.0,55.59999847412109,55.93999862670898,55.2599983215332,51.41342544555664,12468800.0,4217000000.0,56222000000,1.1299502015650937,9040000000.0,-20840100000.0,0.38802575971020326,0.5918261500959494,0.0,18.13364055299539,0.0958945461863554,0.3,0.43609263277720467,0.19809402795425668,0.2041859529080298,0.017452140245642653,0.021977726474607977,-3.6289050173556325,0.2593141107776306,0.08792884371029225,0.02197772647460798,175829560.50210565,-2.4670431257794655e-09,-0.0009230512613094821,0.001019978667195831,0.10164427192100824,0.0,0.05034332949556684,0.00367544466885304
200,CSCO,2022-07-30,51376000000,30820000000,11186000000.0,6774000000.0,0.0,360000000.0,25640000000.0,2665000000,11812000000,4110000000.0,7079000000.0,19267000000.0,13226000000,54229000000,2568000000.0,10505000000.0,1997000000.0,477000000.0,1900000000.0,39773000000,8900000000.0,-1319000000.0,6224000000.0,7689000000.0,0.0,499000000.0,45.060001373291016,45.43000030517578,44.7599983215332,43.19289779663086,14153400.0,4110000000.0,54229000000,1.5437956204379562,13913000000.0,-22974600000.0,0.4001090003114295,0.5441720179023156,0.0,26.02777777777778,0.1235012457178449,0.3,0.3552896051927935,0.2740661686232657,0.20447290563687326,0.0273784269539427,0.035741885800456195,-1.6987974804351975,0.305476237206137,0.05090715048025614,0.035741885800456195,322113141.5055288,-1.8800282832619875e-09,-0.00011743630287712008,0.005895297292447861,0.0808124512469046,0.0,0.062046851163437056,0.0038339670458728907
201,CSCO,2023-07-29,56682000000,34408000000,12358000000.0,7551000000.0,0.0,427000000.0,31309000000.0,2705000000,12613000000,4066000000.0,10123000000.0,26146000000.0,19886000000,57499000000,3644000000.0,9252000000.0,2085000000.0,849000000.0,1800000000.0,44353000000,8400000000.0,1639000000.0,6302000000.0,4293000000.0,0.0,1733000000.0,51.84000015258789,52.18000030517578,51.7400016784668,51.26791763305664,14193500.0,4066000000.0,57499000000,1.6684702410231185,10595000000.0,-19912400000.0,0.39296425673053176,0.5548172757475083,0.0,23.22248243559719,0.11968526163508697,0.3,0.45472095166872467,0.3674868898749496,0.16322642108605906,0.02550813671980397,0.03254413906499917,-0.8425275827482447,0.2758336456512953,0.08561920129084308,0.03254413906499917,206659456.6183147,-2.5746729491701975e-09,0.0016461656734428343,0.007930238482910523,0.01611034634540183,0.0,0.08105634132281106,0.018203110575155775
202,MCD,2009-12-31,22744700000,4691000000,2234200000.0,0.0,1160800000.0,473200000.0,2988700000.0,1936000000,4551000000,1078000000.0,1796000000.0,1796000000.0,5751000000,16191000000,106200000.0,1060400000.0,21531500000.0,145700000.0,1212700000.0,14033900000,10578400000.0,31270800000.0,2235500000.0,2797400000.0,22854800000.0,18100000.0,62.970001220703125,63.06999969482422,62.38999938964844,42.04007339477539,4495300.0,1078000000.0,16191000000,12.439981447124305,5032900000.0,-7974580000.0,0.7937541493183027,0.12375302569556379,0.0642970692988141,33.430896027049876,0.5896010938812118,1.0,0.11092582298807979,0.0067132336673093335,0.04662185036514001,0.21801750265727657,0.2959077005005968,0.6686937008122886,0.35726580157081966,0.009210152027560922,0.29590770050059684,119716727.24590136,-5.271760192358142e-09,0.0,0.0,0.0,0.0,0.0,0.0
203,MCD,2010-12-31,24074600000,5016400000,2333300000.0,0.0,1200400000.0,450900000.0,2924700000.0,2054000000,4946300000,1055000000.0,2387000000.0,2387000000.0,6341600000,17341000000,109900000.0,1179100000.0,22060600000.0,183400000.0,1335300000.0,14634200000,11505300000.0,33811700000.0,2408100000.0,2698500000.0,25143400000.0,8300000.0,76.70999908447266,76.86000061035156,76.33999633789062,53.36684036254883,2485100.0,1055000000.0,17341000000,13.47867298578199,5106600000.0,-8208350000.0,0.7916310135993953,0.12243024000167907,0.0629860112707391,37.092259924595254,0.5906640193398852,1.0,0.1376506545181939,0.006571040783502443,0.04897693004245138,0.1930936653589128,0.25256644189939526,0.6879144269920896,0.30799962510389683,0.010965685893488153,0.25256644189939526,95688632.9658679,-6.501530802481477e-09,-0.0007077119063024773,0.0003543084862244565,0.0006613928469423602,0.0006555290140374953,7.109644190344535e-05,0.0011775398386556848
204,MCD,2011-12-31,27006000000,5286300000,2393700000.0,0.0,1329600000.0,492800000.0,3509200000.0,2509100000,5503100000,1022000000.0,2335700000.0,2335700000.0,7150100000,18599700000,116800000.0,1334700000.0,22834500000.0,186400000.0,1427000000.0,14390200000,12500400000.0,36707500000.0,2609700000.0,3363100000.0,28270900000.0,366600000.0,101.33000183105467,101.58999633789062,98.75,70.79688262939453,8895900.0,1022000000.0,18599700000,15.972700587084148,5972800000.0,-9143940000.0,0.8042546100866474,0.11020870454011795,0.061216315142474345,39.21672077922078,0.6044619714137599,1.0,0.12557729425743425,0.006043671737555625,0.04942235058875805,0.17947621359404728,0.22561304952786662,0.6536601180733854,0.25706379140678265,0.00964503777294836,0.22561304952786662,84365296.58044748,-7.742492036189491e-09,0.003500153589448255,0.004953625844182685,0.006097033218359379,0.0012623498243434664,0.00028802972543427366,0.0012287121194360776
205,MCD,2012-12-31,27567000000,5478700000,2455200000.0,0.0,1402200000.0,516600000.0,3403100000.0,2614200000,5464800000,1002400000.0,2336100000.0,2336100000.0,6966100000,20092900000,121700000.0,1375300000.0,24677200000.0,158500000.0,1380500000.0,15293600000,13632500000.0,39278000000.0,2896600000.0,2615100000.0,30576300000.0,0.0,87.41999816894531,88.25,86.80999755859375,65.20977020263672,6236600.0,1002400000.0,20092900000,16.4627893056664,5511700000.0,-10279770000.0,0.8012587514056662,0.11115386879026452,0.06348157169180063,38.004452187379016,0.598625167773062,1.0,0.11626494931045295,0.006198715434648629,0.04988936046722531,0.19310156294476571,0.25245893758725035,0.7897679214895663,0.3073894055402497,0.00807310103855224,0.25245893758725035,84522610.3829628,-6.343504786842188e-09,0.003209245935423636,0.0026537161443922486,0.006231738142734154,0.0011287090918227342,0.000270883257805757,0.0012578466476957384
206,MCD,2013-12-31,28105700000,5595100000,2385600000.0,0.0,1498800000.0,527800000.0,3170000000.0,2618600000,5585900000,992500000.0,2798700000.0,2958700000.0,7120700000,20616600000,123700000.0,1319800000.0,25747300000.0,181000000.0,1209100000.0,16009700000,14129800000.0,41751200000.0,3114600000.0,1777800000.0,32179800000.0,0.0,96.9499969482422,97.08000183105467,96.62999725341795,74.0749282836914,2560900.0,992500000.0,20616600000,17.106901763224183,4892400000.0,-10181650000.0,0.800926502453239,0.10597673984700541,0.06658196582943146,38.12997347480106,0.6040981010969305,1.0,0.1435105691530126,0.006146583850931677,0.0469584461514924,0.18036251884855525,0.230940510636856,0.8523172136734608,0.28042407098322625,0.008993788819875776,0.23094051063685603,66046638.36140531,-7.275336343686083e-09,-0.0011093692111361353,-0.00012129010560979481,0.007078924098031025,0.0017542866341658013,0.00025989291155088795,0.001329112617794399
207,MCD,2014-12-31,27441300000,5829700000,2487900000.0,0.0,1539300000.0,576400000.0,2747900000.0,2614200000,4757800000,966600000.0,2077900000.0,2077900000.0,6730300000,21374000000,110000000.0,1214400000.0,24557500000.0,170500000.0,1004500000.0,12853400000,14935700000.0,43294500000.0,3216100000.0,3198600000.0,35177100000.0,14943200000.0,93.75,94.8000030517578,93.56999969482422,73.99981689453125,4589300.0,966600000.0,21374000000,16.483654045106558,6414700000.0,-12353580000.0,0.7875574407917992,0.11511873253252883,0.0712256380832516,33.17782789729355,0.5806248246256555,1.0,0.09721624403480865,0.005752024974246615,0.04425446316318833,0.1715039692671446,0.22275263286934888,0.9823274841493252,0.2988191108415476,0.008915638710082253,0.22275263286934885,86685349.6292105,-5.990151591241668e-09,-0.004567103537955641,-0.006000114382468835,0.005548723672733694,0.003518264254209491,0.0002642202809538076,0.002079006815641514
208,MCD,2015-12-31,25413000000,5717300000,2434300000.0,0.0,1438000000.0,638300000.0,2950400000.0,2026400000,4529300000,914100000.0,7685500000.0,7685500000.0,6539100000,30850800000,100100000.0,1298700000.0,23117600000.0,140600000.0,792700000.0,7087900000,24122100000.0,44594500000.0,3230300000.0,6099200000.0,41176800000.0,0.0,118.81999969482422,119.18000030517578,117.94000244140624,96.51725769042967,3723200.0,914100000.0,30850800000,15.968384203041243,9329500000.0,-16660070000.0,0.7750245937118797,0.12359550561797752,0.07301086023852922,27.042769857433807,0.5743792547121552,1.0,0.2491183372878499,0.005799066124416327,0.05110376578916303,0.12258179487104684,0.16544589625886785,1.799713503390956,0.3496775474116122,0.008145341629300057,0.16544589625886785,96661469.90959401,-5.7933284608305775e-09,-0.008633969580453113,-0.009906282128258429,0.0059507560314542695,0.004470754638952762,0.00018112393319961732,0.0024417075404144476
209,MCD,2016-12-31,24621900000,5659300000,2384500000.0,0.0,1390700000.0,884800000.0,3468300000.0,2179500000,4686500000,823700000.0,1223400000.0,1223400000.0,6059600000,33228200000,58900000.0,1474100000.0,21257600000.0,109500000.0,725900000.0,-2204300000,25955700000.0,46222700000.0,3058200000.0,11171000000.0,52108600000.0,77200000.0,121.86000061035156,122.0,118.95999908447266,100.7387237548828,5123800.0,823700000.0,33228200000,16.40621585528712,14229200000.0,-25818650000.0,0.770151775451935,0.12574752407370296,0.07333909906869311,18.736550632911392,0.5488528505111303,1.0,0.03681812436424483,0.0035528800043430793,0.059869465800770856,0.11629107048091572,0.16285907984308678,1.9365156342094858,0.4004435522830037,0.006605099498736285,0.16285907984308676,141248563.30940276,-3.901781222290197e-09,-0.005801888446621402,-0.01059065803817505,0.007442125587677941,0.003867174138435042,0.000984885033708142,0.005292213098199167
210,MCD,2017-12-31,22820400000,5384700000,2231300000.0,0.0,1227500000.0,921300000.0,2890600000.0,3381200000,5192300000,794300000.0,2463800000.0,2463800000.0,5551200000,37071700000,58800000.0,1976200000.0,22448300000.0,77000000.0,1085700000.0,-3268000000,29536400000.0,48325800000.0,3089200000.0,4685700000.0,56504400000.0,0.0,173.72999572753906,174.47999572753906,172.66000366210938,149.63726806640625,3696900.0,794300000.0,37071700000,13.725166813546519,7774900000.0,-27422180000.0,0.7640400694115791,0.12797306675384412,0.07040153248794141,16.5032019971779,0.47772606965697356,1.0,0.06646039971190962,0.0038673015705979847,0.086597956214615,0.06991598242227239,0.0917229176320938,2.277918316512361,0.31190200658432854,0.005064323485306885,0.0917229176320938,51958312.92876614,-5.456796945625995e-09,-0.0036615081001002046,-0.032217728351727225,0.008117948777567037,0.002425042922218295,0.001085641445600012,0.01535875033121219
211,MCD,2018-12-31,21257900000,5654400000,2200200000.0,0.0,1302900000.0,981200000.0,2973500000.0,1891800000,5924300000,769500000.0,866000000.0,866000000.0,6966700000,39069600000,51100000.0,2441500000.0,22842700000.0,101700000.0,1202800000.0,-6258400000,31075300000.0,50487000000.0,3255900000.0,5207700000.0,61528500000.0,0.0,175.9600067138672,177.8000030517578,175.60000610351562,157.2798309326172,2482600.0,769500000.0,39069600000,13.684600389863547,8463600000.0,-30453510000.0,0.7340094741249136,0.14100682539173903,0.08350049668343641,13.660110069302894,0.4953593722804228,1.0,0.02216557118578127,0.00381249393806003,0.11485141994270365,0.06577473343036594,0.08700798003608225,2.3966019914788723,0.32281767630720104,0.0075876836301507836,0.08700798003608225,53812367.1027217,-5.164587954971929e-09,-0.012047433775673818,-0.01783115941023583,0.008378259041331078,0.004730412268923251,0.0010009038722783908,0.026079698708837123
212,MCD,2019-12-31,21364400000,3747900000,2229400000.0,0.0,1392200000.0,1121900000.0,3621000000.0,1992700000,6025400000,749200000.0,898500000.0,898500000.0,8122100000,55721100000,50200000.0,2224200000.0,24160000000.0,540900000.0,1270300000.0,-8210300000,34177200000.0,52930500000.0,3581900000.0,4976200000.0,66328600000.0,59100000.0,196.8000030517578,197.9499969482422,196.5599975585937,179.25416564941406,2278700.0,749200000.0,55721100000,16.380806193272825,8558100000.0,-46915840000.0,0.824572653573234,0.1265518122214969,0.07902818380495558,13.71521525982708,0.5744369137443598,1.0,0.01612495087139342,0.0032624731105926393,0.10410776806275861,0.06458587751738583,0.09138312704715863,2.6358279914649807,0.41490880916744194,0.035152822819114714,0.09138312704715863,47742823.54329195,-3.820760017286572e-09,0.020177528053884952,0.03223694802912874,0.006180551628193535,0.004747249857127271,0.0008962093567887136,0.024596418735377965
213,MCD,2020-12-31,19207800000,3996400026,2245000000.0,0.0,1469400000.0,1218100000.0,6181200000.0,1410200000,4730500000,745200000.0,3449100000.0,3449100000.0,6265200000,60451700000,51100000.0,2110300000.0,24958200000.0,1706900000.0,1297200000.0,-7824900000,37440400000.0,53908100000.0,3752900000.0,907800000.0,67066400000.0,2243600000.0,211.25,214.92999267578125,210.77999877929688,199.50411987304688,2610900.0,745200000.0,60451700000,13.872919986580783,4660700000.0,-48999970000.0,0.7919386902195983,0.14758667866450514,0.09659860384393046,10.644774627698876,0.5382240534574496,1.0,0.05705546742275238,0.003940955091811515,0.1098668249357032,0.04943569573519293,0.06953701003973614,2.8874938359972573,0.4066153819745521,0.1316402396519193,0.06953701003973614,23361422.325342484,-4.071515143234718e-09,0.019309738698228236,0.014288227059008932,0.008869486910928334,0.009203963763541724,0.00024938387395109275,0.020013916900873823
214,MCD,2021-12-31,23222900000,4245900000,2377800000.0,0.0,1530700000.0,1185800000.0,4020000000.0,1582700000,7545200000,745700000.0,4709200000.0,4709200000.0,9141500000,58455300000,55600000.0,1872400000.0,24720600000.0,2414200000.0,1201200000.0,-4601000000,35622700000.0,57534700000.0,3918600000.0,845500000.0,67810200000.0,0.0,268.0,269.1199951171875,267.2099914550781,254.9425048828125,1519200.0,745700000.0,58455300000,18.547271020517634,4764100000.0,-46075060000.0,0.817167537215421,0.1252990462138378,0.0806607999156874,13.998313374936751,0.5955630003143448,1.0,0.08056070193806207,0.003349559014892284,0.08062731183443929,0.05564197888514563,0.07275079935785175,2.386300911039657,0.307480445798335,0.14544074413224733,0.07275079935785175,18686958.466144662,-5.53319962866706e-09,-0.0024683721192709784,0.007042028856661682,0.008952078590926043,0.00849132652274006,0.00028236915787060844,0.013316080617851203
215,MCD,2022-12-31,23182600000,4362800000,2492200000.0,0.0,1454000000.0,1207000000.0,3802100000.0,1648000000,6177400000,731100000.0,2583800000.0,2583800000.0,7386700000,56439000000,52000000.0,2115000000.0,23773600000.0,2706200000.0,1064500000.0,-6003400000,35903500000.0,59543900000.0,4168200000.0,3896000000.0,71624400000.0,0.0,263.5299987792969,264.3500061035156,259.510009765625,257.01580810546875,2743800.0,731100000.0,56439000000,18.427848447544797,8064200000.0,-46317980000.0,0.8118071312104769,0.13242436157663737,0.07725905695065835,13.527423363711682,0.581151380776962,1.0,0.045780400077960276,0.0031847913961635514,0.09123221726639807,0.05513800605159663,0.07169928022475085,2.4232923866090714,0.30036041124984886,0.16574389377495774,0.07169928022475086,31376280.157408774,-5.54894250797355e-09,0.0066228136636261965,0.014309109106504144,0.008552336032463592,0.00690709742271359,0.0003065930089078161,0.0125449092011796
216,MCD,2023-12-31,25493700000,4775100000,2435200000.0,0.0,1501500000.0,1360800000.0,6859000000.0,2053400000,8468800000,732300000.0,4579300000.0,4579300000.0,9611900000,60853500000,52800000.0,2488000000.0,24907600000.0,2798600000.0,1080200000.0,-4706700000,39300000000.0,63479900000.0,4532800000.0,3054300000.0,74640100000.0,2192400000.0,295.04998779296875,297.2799987792969,295.04998779296875,295.3595275878906,4458400.0,732300000.0,60853500000,20.304793117574764,7587100000.0,-48195680000.0,0.8126949010932113,0.11753689921133667,0.07247111291303467,13.435773074661963,0.5832499794066769,1.0,0.07525121808934572,0.0028878654954767715,0.09759273859816346,0.053651283146062295,0.06874602381510321,2.652537796976242,0.2813491082393393,0.15306781014472143,0.06874602381510321,25687676.513981063,-6.128340290828776e-09,-0.0014908787074032388,-0.004104340302555983,0.010044046529469365,0.008171278498352415,0.000344864720404753,0.010171176645614295
217,CRM,2010-01-31,1305583000,257925000,800489000.0,131897000.0,0.0,2000000.0,908130000.0,57689000,80719000,127152449.0,1011306000.0,1241965000.0,270911000,1403535000,0.0,320956000.0,89711000.0,53901000.0,485083000.0,1043802000,450198000.0,106561000.0,0.0,0.0,-1056666000.0,0.0,16.0049991607666,16.31999969482422,15.912500381469728,16.27374267578125,5632000.0,127152449.0,1403535000,1.4744505628829847,0.0,598220000.0,0.8024445783990753,0.7640747266760718,0.0,123.5845,0.14359868350001492,0.8,0.8848835262391034,0.0,0.24583347056449112,0.05398554855023957,0.09060304026296773,1.8214177344246245,0.6782832201594005,0.2180734639052632,0.09060304026296773,0.0,2.7203608498180017e-08,0.0,0.0,0.0,0.0,0.0,0.0
218,CRM,2011-01-31,1657139000,323813000,1047942000.0,187887000.0,0.0,24909000.0,1276466000.0,34601000,64474000,132921147.0,424292000.0,496970000.0,459081000,1814674000,0.0,426943000.0,387174000.0,90887000.0,937652000.0,1276491000,472538000.0,171035000.0,171964000.0,0.0,0.0,0.0,32.959999084472656,33.11000061035156,32.102500915527344,32.242881774902344,9790400.0,132921147.0,1814674000,1.6993082372363217,171964000.0,38937200.0,0.8045951486266391,0.7859608227845253,0.0,11.457063711911358,0.13630359312043228,0.7,0.27386186168975807,0.0,0.2576386169174704,0.037025885263026186,0.05270336098056386,1.815624255557861,0.42341933504539586,0.31847265438847305,0.05270336098056386,5333394.241883667,8.280739697487838e-07,0.0007168567425212361,-0.0024316967931942157,0.010943048054226745,0.0,0.0,0.0059025731764896505
219,CRM,2012-01-31,2266539000,488886000,1517391000.0,295347000.0,0.0,17045000.0,2300031000.0,-21745000,-11572000,137036541.0,607284000.0,777866000.0,591507000,2498053000,0.0,683745000.0,527946000.0,151645000.0,723257000.0,1587360000,1488447000.0,159463000.0,0.0,0.0,0.0,496149000.0,29.270000457763672,29.34000015258789,28.662500381469727,29.16190719604492,5320800.0,137036541.0,2498053000,1.933513485282732,0.0,-344344800.0,0.7843028511752942,0.8535923490129963,0.0,15.269111176298034,0.11690158430982216,0.6,0.31138890968286104,0.0,0.30166919695624034,0.04079916302644803,0.0663027103229025,5.719033128155474,0.6250997668732028,0.5826628551229146,0.0663027103229025,0.0,-8.468810098495728e-08,-0.006047242407927052,-0.008899033063397588,0.03810282761702873,0.0,0.0,0.02402702598848052
220,CRM,2013-01-31,3050195000,683579000,2047847000.0,429479000.0,0.0,30948000.0,2917624000.0,142651000,-270445000,146406655.0,747245000.0,867621000.0,736897000,3157711000,0.0,872634000.0,604669000.0,175601000.0,942349000.0,2317633000,1563834000.0,-110982000.0,0.0,0.0,-2317633000.0,0.0,43.352500915527344,43.69499969482422,42.650001525878906,42.97636413574219,4999600.0,146406655.0,3157711000,0.9915532869731912,0.0,-528700000.0,0.7758900660449578,0.8653059896493559,0.0,10.300148636422385,0.04759367843695239,0.5,0.2747626366060732,0.0,0.2860912171189055,0.015362332765963403,0.023072060815599458,4.905853455009741,0.5018592011440889,0.5508722617318497,0.023072060815599458,0.0,-8.128686237136787e-08,-0.009568360860560418,-0.029569971561159963,0.04311834204883757,0.0,0.0,0.022176270922337576
221,CRM,2014-01-31,4071003000,968428000,2764851000.0,623798000.0,0.0,77211000.0,3980188000.0,-125760000,-232175000,610143000.0,781635000.0,838774000.0,875469000,6087715000,403273000.0,1360837000.0,1240746000.0,299110000.0,574732000.0,3038510000,1589089000.0,-343157000.0,0.0,0.0,0.0,30000000.0,60.02999877929688,61.2599983215332,60.0,60.45103454589844,4612200.0,610143000.0,6087715000,0.6330860142622303,0.0,-3135753700.0,0.7621156260508773,0.8911471922515974,0.0,4.374039968398285,0.09488398804913678,0.4,0.1377814171655539,1.1940904407149033,0.3342756072643523,0.008989052854993093,0.010472707688427556,4.705288934159254,0.16505129710193506,0.8856640333526785,0.010472707688427556,0.0,-1.92779919372808e-08,-0.007395741708138948,-0.007339198753561792,0.04859497116713268,0.0,0.47763617628596133,0.03159034355790973
222,CRM,2015-01-31,5373586000,1289270000,3437032000.0,792917000.0,0.0,73237000.0,4390103000.0,49603000,-262688000,650596000.0,908117000.0,995429000.0,1181444000,6689944000,632517000.0,1905506000.0,1125866000.0,416889000.0,1070629000.0,3975183000,1370692000.0,-605845000.0,0.0,0.0,0.0,1495981000.0,56.880001068115234,57.33000183105469,55.45000076293945,57.20527267456055,3495200.0,650596000.0,6689944000,0.8060977934078906,0.0,-2558049500.0,0.7600726963335098,0.8415196081791908,0.0,8.838210194300695,0.09759665147259204,0.3,0.14879481801342434,0.9771862119255227,0.3546060303119742,0.01194430134057202,0.014091319833291628,-0.27588469494204415,0.17975253901429003,0.6440588675141051,0.014091319833291626,0.0,-2.2362848207026702e-08,-0.00527245657048266,0.01666765767854655,0.034877163471880045,0.0,0.536256731971503,0.0343870039074142
223,CRM,2016-01-31,6667216000,1654548000,3988062000.0,946300000.0,0.0,72485000.0,5617005000.0,111705000,-47426000,670929000.0,1158000000.0,1341381000.0,1672081000,7760051000,481017000.0,2496165000.0,1715828000.0,284476000.0,1904717000.0,5003000000,1293947000.0,-653271000.0,0.0,0.0,0.0,2048566000.0,67.58999633789062,69.08999633789062,67.06999969482422,68.35071563720703,4396400.0,670929000.0,7760051000,1.2526154034182455,0.0,-1933346900.0,0.7518382485283213,0.795596676261025,0.0,14.135421121611367,0.12605201331410293,0.3,0.17285724024236437,0.46946533594376766,0.3743938999426447,0.015673984847682242,0.018326295368535663,-0.22938255628434676,0.16921737175506005,0.2776442847299352,0.018326295368535667,0.0,-3.5353570348501365e-08,-0.0034257925075186955,0.010389341754988715,0.03152870863715379,0.0,0.4912105302174494,0.03263420559282132
224,CRM,2017-01-31,8391984000,2188984000,4885590000.0,1208000000.0,0.0,89000000.0,7295466000.0,-144000000,323000000,707460000.0,1607000000.0,2208887000.0,2162000000,10084796000,0.0,3196643000.0,1787534000.0,463958000.0,566953000.0,8230000000,2011849000.0,-464910000.0,0.0,0.0,0.0,0.0,78.44999694824219,80.0,78.16999816894531,78.99681091308594,7835200.0,707460000.0,10084796000,1.9399117971334068,0.0,-4394134800.0,0.7391577486325045,0.7876172819603418,0.0,14.802359550561798,0.16353820502994287,0.3,0.21903140132928817,0.0,0.3809162410223852,0.02080295427612726,0.024556836848360134,-0.24189599615245883,0.18044949397118565,0.3521743420802939,0.024556836848360134,0.0,-1.7977785049536017e-08,-0.006971649233668442,0.02198051785245028,0.03975815442590326,0.0,0.4912105302174494,0.034134817511807254
225,CRM,2018-01-31,10393069000,9443771000,5917649000.0,1553000000.0,0.0,87000000.0,10067000000.0,60000000,360000000,707460000.0,2543000000.0,4521705000.0,2738000000,11608000000,0.0,3917401000.0,1947000000.0,534027000.0,677283000.0,10376000000,1726821000.0,635000000.0,0.0,0.0,0.0,1025000000.0,113.05999755859376,114.5199966430664,112.63999938964844,113.76139831542967,4181800.0,707460000.0,11608000000,-7.230586888304639,0.0,-2885691200.0,0.09133952637089199,6.233710594565668,0.0,-57.10748275862069,-0.4921886884422686,0.3,0.38953351137146797,-0.0,0.3769243714248409,-0.055547519392578376,-0.06355923006726914,-0.17276848424212107,0.14423165538803892,-0.10748576338507485,-0.06355923006726914,0.0,-3.942258212362767e-08,-0.22016624071914306,-0.20608023391879052,2.162212866368059,0.0,0.4912105302174494,0.017508676562924725
226,CRM,2019-01-31,13592000000,11823000000,7410000000.0,1886000000.0,0.0,154000000.0,11255000000.0,-127000000,1110000000,770000000.0,2669000000.0,4342000000.0,3398000000,15132000000,788000000.0,4924000000.0,2051000000.0,595000000.0,1302000000.0,15605000000,3198000000.0,1735000000.0,0.0,0.0,0.0,3000000.0,149.02000427246094,153.3800048828125,148.7100067138672,151.77174377441406,8615900.0,770000000.0,15132000000,-7.361038961038961,0.0,-4744600000.0,0.1301500882872278,4.188807235726399,0.0,-36.62987012987013,-0.41701000588581516,0.4,0.2869415807560137,-0.13969154405247297,0.3622719246615656,-0.042940616215960854,-0.04850072074008744,-0.2889933128501717,0.12948357555381143,-0.10547775217160078,-0.04850072074008744,0.0,-3.198831171740801e-08,-0.20300255344842558,-0.19351607030525267,2.2519480655636896,0.0,0.4130799999018447,0.009828097504096153
227,CRM,2020-01-31,17321000000,16004000000,9634000000.0,2766000000.0,0.0,130000000.0,14845000000.0,580000000,126000000,893000000.0,4145000000.0,7947000000.0,4331000000,21241000000,926000000.0,6174000000.0,2375000000.0,643000000.0,1963000000.0,33885000000,2694000000.0,1861000000.0,0.0,0.0,0.0,4000000.0,184.8600006103516,186.02999877929688,180.7899932861328,182.07215881347656,4193300.0,893000000.0,21241000000,-10.10862262038074,0.0,-5453800000.0,0.07603487096587956,7.315110098709187,0.0,-63.97692307692308,-0.5211592864153339,0.5,0.3741349277340991,-0.11133822291691715,0.3564459326828705,-0.04910476742730761,-0.05551987017815555,-0.1935483870967742,0.1306411390776783,-0.07731153059997595,-0.05551987017815555,0.0,-3.338445832510847e-08,-0.005101551801670809,-0.009656865991021779,2.7022367919566257,0.0,0.22034736642684147,0.009270081790853446
228,CRM,2021-01-31,22027000000,20261000000,11761000000.0,3598000000.0,0.0,125000000.0,17728000000.0,-1511000000,4072000000,919000000.0,6195000000.0,14034000000.0,4801000000,24808000000,1146000000.0,7786000000.0,2459000000.0,150000000.0,3909000000.0,41493000000,2677000000.0,5933000000.0,0.0,0.0,0.0,4000000.0,227.2100067138672,229.8999938964844,224.75,228.16197204589844,5696700.0,919000000.0,24808000000,-9.36779107725789,0.0,428600000.0,0.08017433150224725,6.659682899207248,0.0,-79.96,-0.39083851636627776,0.6,0.5657046114156724,-0.11465732866433216,0.35347528033776726,-0.036713898827958176,-0.041057635473861556,-0.1923270349881457,0.11831313983454031,-0.015007503751875938,-0.04105763547386156,0.0,5.323424452774112e-07,-0.016658585594993516,0.008723829839845801,2.3677705171351686,0.0,0.06051581610768608,0.010989843129893389
229,CRM,2022-01-31,28164000000,24777000000,14453000000.0,4465000000.0,0.0,221000000.0,21788000000.0,88000000,1444000000,989000000.0,5464000000.0,10907000000.0,6000000000,37078000000,1454000000.0,9739000000.0,2415000000.0,717000000.0,4784000000.0,58131000000,10596000000.0,7377000000.0,0.0,0.0,0.0,4000000.0,222.9499969482422,232.91000366210932,222.259994506836,232.32652282714844,7084200.0,989000000.0,37078000000,-11.501516683518705,0.0,-12385800000.0,0.12025990626331487,4.2671981104222025,0.0,-50.07239819004525,-0.40388439142167304,0.7,0.2941636549975727,-0.13139345743719502,0.3457960516972021,-0.042627114727914035,-0.04950582715894158,-0.7612615848839716,0.16136941181531744,-0.0647930598228809,-0.04950582715894158,0.0,-1.8757490257161302e-08,0.014741678432478436,0.03909163166455363,1.2763722877066537,0.0,0.050798928704341766,0.010424750602382309
230,CRM,2023-01-31,31213000000,29053000000,16079000000.0,5055000000.0,0.0,297000000.0,25891000000.0,452000000,208000000,1009000000.0,7016000000.0,12556000000.0,7111000000,40490000000,1776000000.0,10755000000.0,2913000000.0,798000000.0,4672000000.0,58359000000,10601000000.0,7585000000.0,861000000.0,4000000000.0,4000000000.0,1182000000.0,164.27999877929688,168.00999450683594,164.27999877929688,167.75086975097656,6421300.0,1009000000.0,40490000000,-14.537165510406343,4861000000.0,-13187400000.0,0.06920193509114791,7.443981481481481,0.0,-46.86531986531987,-0.4699323999615545,0.8,0.31010125957026424,-0.12759537323083556,0.344567968474674,-0.06993066084864984,-0.08665925566875765,-0.7616208060923917,0.2392168845124078,-0.057331704863855165,-0.08665925566875765,28977495.06286361,-1.2720541558683028e-08,-0.0036574654703664436,-0.02636462786509225,1.4511832563503635,0.0,0.010555072008541009,0.006631311508707612
231,CRM,2024-01-31,34869000000,28899000000,15411000000.0,4906000000.0,0.0,29000000.0,26631000000.0,814000000,4136000000,971000000.0,8472000000.0,14274000000.0,10234000000,40177000000,0.0,11414000000.0,2635000000.0,736000000.0,4848000000.0,59646000000,9426000000.0,11721000000.0,772000000.0,7620000000.0,11692000000.0,999000000.0,284.04998779296875,285.6300048828125,280.82000732421875,280.7232971191406,4557300.0,971000000.0,40177000000,-10.59114315139032,8392000000.0,-11396800000.0,0.17121225157016262,2.5814070351758795,0.0,-325.55172413793105,-0.29493246149875246,0.9,0.35527789531323895,-0.0,0.3273394705899223,-0.032881513972435494,-0.037728052000241985,-0.9984111852557992,0.14739400478546502,-0.0779578434487872,-0.03772805200024199,29894205.739676766,-2.4631764804080147e-08,0.016984115102282583,0.036317309974306856,1.9151378119074554,0.0,0.04908228320037873,0.010140774984025174
232,NKE,2010-05-31,19014000000,10214000000,6326000000.0,0.0,324000000.0,6300000.0,3364000000.0,610000000,1907000000,484600000.0,3079000000.0,5146000000.0,3164000000,4665000000,2041000000.0,2649800000.0,1932000000.0,335100000.0,0.0,9754000000,453000000.0,6095000000.0,505000000.0,741000000.0,0.0,7000000.0,17.860000610351562,18.155000686645508,17.674999237060547,15.049542427062988,14684000.0,484600000.0,4665000000,3.833470903838217,1246000000.0,4007740000.0,0.4628168717786894,0.7188636363636364,0.03681818181818182,392.6984126984127,0.0977016934890081,0.2,1.1031082529474812,0.8249797898140663,0.139360471231724,0.15535195825127848,0.25472341916154473,-0.09942932396839332,0.6396537387030232,0.13544866612772838,0.25472341916154473,82793214.87936857,3.75511945062878e-09,0.0,0.0,0.0,0.0,0.0,0.0
233,NKE,2011-05-31,20556000000,11354000000,6361000000.0,0.0,335000000.0,4000000.0,3958000000.0,690000000,2133000000,469200000.0,1877000000.0,4460000000.0,1812000000,5205000000,2715000000.0,3138000000.0,2115000000.0,432000000.0,0.0,9793000000,476000000.0,5801000000.0,555000000.0,1859000000.0,0.0,200000000.0,21.209999084472656,21.237499237060547,20.95499992370605,18.11626434326172,8879200.0,469200000.0,5205000000,4.575873827791987,2414000000.0,3545900000.0,0.4476551858338198,0.6912627689632689,0.036405129319713105,710.25,0.10444639034831679,0.1,0.8568683957732949,0.955649419218585,0.15265615878575597,0.15665642530981272,0.25258374138783013,-0.09359024773889107,0.6123420465410601,0.15205913410770855,0.25258374138783013,133250429.24193579,5.109073674740325e-09,-0.005053895314956536,0.0022482322864362295,0.013800433700183745,0.0002065262492343574,0.06533481470225938,0.006647843777015994
234,NKE,2012-05-31,24128000000,21088000000,7079000000.0,0.0,373000000.0,3000000.0,3882000000.0,754000000,2211000000,458200000.0,2254000000.0,3757000000.0,1824000000,5146000000,3350000000.0,3280000000.0,2209000000.0,597000000.0,0.0,10319000000,277000000.0,5588000000.0,619000000.0,1814000000.0,0.0,49000000.0,27.125,27.21249961853028,26.665000915527344,23.62306022644043,10796800.0,458200000.0,5146000000,-10.467044958533391,2433000000.0,3351800000.0,0.1259946949602122,2.3286184210526315,0.12269736842105264,-1346.3333333333333,-0.19877320954907163,0.0,0.7300816167897396,-0.8294132210943302,0.1359416445623342,-0.30031146615068494,-0.4430859024275784,-0.045106660153069536,0.4754211955571973,-0.1478088635800941,-0.44308590242757834,102992583.37735735,7.0478728523302195e-09,-0.1122740589394924,-0.0988249676793599,0.7654342127286204,0.04058154456435688,0.8124407271666846,0.007209859522862814
235,NKE,2013-05-31,25313000000,22073000000,7796000000.0,0.0,438000000.0,3000000.0,3962000000.0,805000000,2472000000,892500000.0,3337000000.0,5965000000.0,3032000000,6464000000,3434000000.0,3117000000.0,2452000000.0,636000000.0,0.0,11081000000,1267000000.0,5620000000.0,703000000.0,1674000000.0,0.0,57000000.0,31.100000381469727,31.56999969482422,30.82999992370605,27.34100341796875,7460400.0,892500000.0,6464000000,-6.010084033613445,2377000000.0,4202000000.0,0.1279974716548809,2.406172839506173,0.13518518518518519,-1518.6666666666667,-0.2119069252953028,0.0,0.9228032178217822,-0.753731343283582,0.12313830837909374,-0.173784320640672,-0.2198194390211577,-0.20631818921999676,0.2648979966131177,-0.1395961369622476,-0.2198194390211577,86939018.42819034,6.506664306989232e-09,-0.10655257139297963,-0.10545110521453986,0.8316756200218622,0.04637568610596528,0.842636435393406,0.010506623347688713
236,NKE,2014-05-31,27799000000,24119000000,8766000000.0,0.0,518000000.0,33000000.0,5027000000.0,851000000,2693000000,873800000.0,2220000000.0,5142000000.0,3013000000,7770000000,3947000000.0,3434000000.0,2834000000.0,880000000.0,0.0,10824000000,1206000000.0,4871000000.0,799000000.0,2628000000.0,0.0,7000000.0,38.494998931884766,38.494998931884766,38.150001525878906,34.452423095703125,3809600.0,873800000.0,7770000000,-6.8322270542458226,3427000000.0,2659500000.0,0.13237886254901254,2.3820652173913044,0.14076086956521738,-154.12121212121212,-0.21475592647217526,0.0,0.6617760617760617,-0.776051907196225,0.12352962336774705,-0.15762572962431065,-0.19830904303209757,-0.19638495359062041,0.25810071429805664,-0.1730239874164373,-0.19830904303209757,99470507.21165131,1.2954473809251034e-08,0.002128055862933446,-0.00532757230770121,0.8172010657664626,0.04752382534137596,0.8228247981720742,0.010989828668049923
237,NKE,2015-05-31,30177000000,26426000000,9892000000.0,0.0,606000000.0,28000000.0,6332000000.0,932000000,3273000000,857200000.0,3852000000.0,5924000000.0,4680000000,8890000000,4337000000.0,3358000000.0,3011000000.0,963000000.0,0.0,12707000000,1186000000.0,4685000000.0,899000000.0,2534000000.0,0.0,107000000.0,50.8849983215332,51.14500045776367,50.72499847412109,46.22600173950195,4944000.0,857200000.0,8890000000,-8.283947736817545,3433000000.0,2491100000.0,0.12429996354839778,2.6371634230871766,0.16155691815515863,-219.32142857142858,-0.23531166119892633,0.1,0.6663667041619797,-0.7062367692558216,0.11127680021208206,-0.1463673180932143,-0.17920536981546,-0.1702310894215588,0.22435371604836496,-0.15681485100146556,-0.17920536981546,74265562.03900208,1.8556461699450826e-08,-0.0012325027021610386,-0.007801578634541173,0.7068317068339804,0.04331663568494923,0.6899409284499861,0.014040802360063073
238,NKE,2016-05-31,32278000000,27874000000,10469000000.0,0.0,649000000.0,19000000.0,5358000000.0,863000000,3760000000,1682000000.0,3138000000.0,5457000000.0,3399000000,9121000000,4838000000.0,3241000000.0,3520000000.0,1143000000.0,0.0,12258000000,2037000000.0,4151000000.0,1022000000.0,3238000000.0,0.0,44000000.0,56.40999984741211,56.470001220703125,55.16999816894531,50.54815673828125,14233600.0,1682000000.0,9121000000,-4.130202140309156,4260000000.0,2051800000.0,0.13643968027758846,2.3771571298819256,0.14736603088101727,-319.2105263157895,-0.21522399157320776,0.2,0.5982896612213573,-0.7976916735366859,0.10040894727058677,-0.0737919975677792,-0.08170826409543953,-0.24954061006982728,0.10727811671433769,-0.18845836768342952,-0.08170826409543953,84276070.08612852,2.4636005818442953e-08,0.0013536059095253055,-0.00015602170034416848,0.10842683566840078,0.012889154800563504,0.04154359473046,0.012081706397780376
239,NKE,2017-05-31,34467000000,29601000000,10563000000.0,0.0,706000000.0,59000000.0,5474000000.0,646000000,4240000000,1646700000.0,3808000000.0,6179000000.0,3846000000,10852000000,5055000000.0,3677000000.0,3989000000.0,1105000000.0,0.0,12407000000,3477000000.0,6907000000.0,1133000000.0,3223000000.0,0.0,6000000.0,53.02000045776367,53.27999877929688,52.709999084472656,49.11250686645508,8938800.0,1646700000.0,10852000000,-3.8877755511022043,4356000000.0,1593900000.0,0.14117851858299243,2.1707768187422936,0.14508836826962598,-96.55932203389831,-0.1857428844982157,0.3,0.5693881312200516,-0.8873091100579252,0.10668175356137755,-0.06979515466622925,-0.07916060081546439,-0.34652182579230617,0.1341847610199031,-0.19396173424609445,-0.07916060081546439,88694311.85511819,3.081279055552737e-08,0.00562618501153155,0.016522925566903546,0.14800615750221832,0.008821827010649288,0.05981055015917175,0.00911133665674563
240,NKE,2018-05-31,36496000000,31952000000,11511000000.0,0.0,747000000.0,54000000.0,6040000000.0,2392000000,1933000000,1605500000.0,4249000000.0,5245000000.0,4955000000,12724000000,5261000000.0,3498000000.0,4454000000.0,1028000000.0,0.0,9812000000,3474000000.0,3517000000.0,1243000000.0,4254000000.0,0.0,6000000.0,72.0,72.22000122070312,71.23999786376953,67.4282455444336,7856200.0,1605500000.0,12724000000,-5.862971037060106,5497000000.0,-1159300000.0,0.12450679526523455,2.533230633802817,0.1643926056338028,-129.0185185185185,-0.2579186760192898,0.4,0.4122131405218485,-0.7551313334290225,0.09584612012275318,-0.07780621795388167,-0.08695126188915221,-0.3462228423360574,0.11753615810874032,-0.14755274867231233,-0.08695126188915221,81523699.09102276,-5.8162896182552914e-08,-0.003977628337451304,-0.014231561482027347,0.15834636160089804,0.009384393647001568,0.059670351501497534,0.009570440782033222
241,NKE,2019-05-31,38884000000,34345000000,12702000000.0,0.0,705000000.0,749000000.0,7866000000.0,772000000,4029000000,1570400000.0,4466000000.0,4663000000.0,5903000000,14677000000,5622000000.0,4272000000.0,4744000000.0,1119000000.0,0.0,9040000000,3470000000.0,1643000000.0,1332000000.0,4286000000.0,0.0,6000000.0,78.0,78.26000213623047,77.06999969482422,73.43226623535156,8891100.0,1570400000.0,14677000000,-6.166581762608253,5618000000.0,-2836600000.0,0.11673181771422693,2.7984137475214803,0.1553205551883675,-10.89853137516689,-0.24904845180536983,0.5,0.31770797846971455,-0.6887173833149577,0.10986524020162534,-0.07449515518595312,-0.08397645992354726,-0.3458241977277257,0.12727411217450466,-0.13708195516354282,-0.08397645992354726,76505877.974598,-2.5887423759201707e-08,-0.008148900289588501,-0.02110185576905138,0.21558806132209252,0.007583000841003741,0.07124249129645098,0.005841209820896897
242,NKE,2020-05-31,37380000000,34288000000,13126000000.0,0.0,721000000.0,89000000.0,8284000000.0,348000000,2539000000,1555800000.0,8348000000.0,8787000000.0,2485000000,23287000000,7367000000.0,2749000000.0,4866000000.0,1086000000.0,0.0,8055000000,9409000000.0,-191000000.0,1452000000.0,3067000000.0,0.0,3000000.0,98.4000015258789,99.77999877929688,97.88999938964844,95.75083923339844,4295400.0,1555800000.0,23287000000,-6.730299524360458,4519000000.0,-7644100000.0,0.08271803103263778,4.245148771021992,0.2331824062095731,-112.74157303370787,-0.28012306046013913,0.6,0.37733499377334995,-0.7342037073948575,0.07354200107009096,-0.06078737772073132,-0.07028971837996059,-0.9180407844667773,0.1563209504263339,-0.10823201116204903,-0.07028971837996059,47195408.79411684,-1.2526110233173092e-08,-0.013929588077532256,-0.007401461480283107,0.7390845575471057,0.03276433065586775,0.06723614269789381,0.012822788549106068
243,NKE,2021-05-31,44676000000,37601000000,13025000000.0,0.0,744000000.0,262000000.0,9674000000.0,934000000,5727000000,1579300000.0,9889000000.0,13476000000.0,6657000000,24973000000,6854000000.0,4463000000.0,4904000000.0,695000000.0,0.0,12767000000,9413000000.0,3179000000.0,1638000000.0,608000000.0,0.0,0.0,137.85000610351562,138.0500030517578,134.2100067138672,130.4640350341797,5577900.0,1579300000.0,24973000000,-4.524789463686443,2246000000.0,-3518800000.0,0.15836243173068315,1.8409893992932862,0.10515901060070672,-22.709923664122137,-0.15995165189363417,0.7,0.5396227926160253,-1.1519327731092437,0.09989703644014683,-0.03093307630925698,-0.03468227440996298,-0.9184310664455069,0.12120353188357198,-0.11680672268907563,-0.03468227440996297,17215472.443509664,-3.707628595946905e-08,0.013876871338818741,0.02969893330391189,0.8296251981568973,0.04153257040923235,0.16778698663880878,0.012799329943257658
244,NKE,2022-05-31,46736000000,40035000000,14804000000.0,0.0,717000000.0,-205000000.0,10730000000.0,605000000,6046000000,1571900000.0,8574000000.0,8574000000.0,5188000000,25040000000,8420000000.0,4667000000.0,4791000000.0,758000000.0,0.0,15281000000,9420000000.0,3476000000.0,1837000000.0,4014000000.0,0.0,500000000.0,117.5,119.79000091552734,114.4499969482422,115.9368133544922,13774600.0,1571900000.0,25040000000,-5.409377186843947,5851000000.0,-7564200000.0,0.1433798356727148,2.209222504103865,0.10699895537979406,39.52682926829268,-0.18193683669976035,0.8,0.34241214057507985,-1.0391213130939159,0.09985878123930161,-0.041021593126964136,-0.0466579771371157,-0.9191140599082838,0.1374004172072653,-0.09354560039491547,-0.0466579771371157,50467145.2553193,-1.53270422985236e-08,0.020220601546692345,0.03272874125345959,0.8246839052099315,0.04683855357451464,0.18574925362189787,0.012054136395845957
245,NKE,2023-05-31,51430000000,45302000000,16377000000.0,0.0,703000000.0,-286000000.0,9256000000.0,1131000000,5070000000,1536300000.0,7441000000.0,7441000000.0,5841000000,23527000000,8454000000.0,4131000000.0,5081000000.0,969000000.0,0.0,14004000000,8927000000.0,1358000000.0,2012000000.0,5480000000.0,0.0,0.0,105.6999969482422,106.16999816894533,104.83000183105467,103.8420867919922,21465200.0,1536300000.0,23527000000,-7.22124585041984,7492000000.0,-7538000000.0,0.11915224577095081,2.672486945169713,0.11471932114882506,35.83566433566433,-0.21571067470348046,0.8,0.31627491817911335,-0.8248609620450775,0.08032276881197745,-0.06060321406214832,-0.06954064650958755,-0.8710118060298566,0.14747456196422085,-0.09454580934725339,-0.06954064650958755,72148010.80613248,-1.3775814114087583e-08,-0.013070061986577447,-0.01858634093661543,0.8200621559320472,0.048605444223577134,0.17880228640800827,0.013549285503244574
246,DIS,2019-09-30,69607000000,14047000000,11549000000.0,0.0,2844000000.0,1246000000.0,31341000000.0,3026000000,11054000000,1803000000.0,5418000000.0,5418000000.0,19135000000,105107000000,1649000000.0,15481000000.0,31603000000.0,4876000000.0,3224000000.0,88877000000,46986000000.0,42494000000.0,2895000000.0,0.0,907000000.0,8857000000.0,130.35000610351562,130.86000061035156,129.82000732421875,129.12306213378906,5532500.0,1803000000.0,105107000000,22.04048807542984,2895000000.0,-76935100000.0,0.7981955837774937,0.20786537077033837,0.051187904967602595,35.32182985553772,0.5709052250492048,0.7,0.05154747067274301,0.03746790575083502,0.22240579252086715,0.11760027341478728,0.17069366007284503,1.4380681296483335,0.4514733266885559,0.11079048419713254,0.17069366007284503,22420472.006777428,-1.6783374835905726e-09,0.0,0.0,0.0,0.0,0.0,0.0
247,DIS,2020-09-30,65388000000,20346000000,12369000000.0,0.0,3140000000.0,1647000000.0,26628000000.0,699000000,-2864000000,1811000000.0,17914000000.0,17914000000.0,16977000000,117966000000,1583000000.0,12708000000.0,32078000000.0,4022000000.0,3903000000.0,83583000000,58628000000.0,38315000000.0,1587000000.0,0.0,907000000.0,5711000000.0,123.23999786376952,125.5500030517578,123.23999786376952,123.67692565917967,13642500.0,1811000000.0,117966000000,16.74599668691331,1587000000.0,-78775500000.0,0.6888419893558451,0.27461036366058345,0.06971271257937037,19.837887067395265,0.46380069737566526,0.6,0.15185731481952428,0.0484497903467695,0.19434758671315838,0.08868972428896237,0.13540113968438033,1.7943868025586875,0.526683511194896,0.12309858292779971,0.13540113968438033,12831819.610178094,-1.5699922648435069e-09,-0.036451198140549534,-0.035701509224513185,0.03337249644512254,0.009262403805883886,0.00549094229796724,0.014029102903854382
248,DIS,2021-09-30,67418000000,16256000000,13517000000.0,0.0,3068000000.0,-1546000000.0,31077000000.0,25000000,1995000000,1816000000.0,15959000000.0,15959000000.0,12035000000,115056000000,1331000000.0,13367000000.0,32624000000.0,3578000000.0,3935000000.0,88553000000,54406000000.0,40429000000.0,0.0,0.0,907000000.0,5866000000.0,173.10000610351562,173.67999267578125,169.10000610351562,168.62045288085938,13978000.0,1816000000.0,115056000000,21.56718061674009,0.0,-77278100000.0,0.7588774511258121,0.2641999921816974,0.05996638129862007,-24.34993531694696,0.5809427749265774,0.5,0.13870636907245168,0.035356621065214505,0.19827049156011747,0.09297108974130917,0.1279037047301647,21.991107518189168,0.37573631852713657,0.09504582281843538,0.1279037047301647,0.0,-2.1819953244303284e-09,-0.0131060442172272,0.0033458499591241995,0.029319806501954385,0.007566160902196737,0.005739632142080325,0.012405934279171046
249,DIS,2022-09-30,82722000000,18582000000,16388000000.0,0.0,3183000000.0,-1549000000.0,29073000000.0,1732000000,3145000000,1800000000.0,11615000000.0,11615000000.0,11683000000,108623000000,1742000000.0,12652000000.0,33596000000.0,4943000000.0,3218000000.0,95008000000,48369000000.0,43636000000.0,0.0,0.0,907000000.0,3070000000.0,96.5,97.4800033569336,94.27999877929688,94.02356719970705,12094900.0,1800000000.0,108623000000,26.427222222222223,0.0,-76078200000.0,0.7753681003844201,0.255503585905831,0.04962581852198316,-30.827630729502904,0.5750465414279152,0.4,0.10692947165885679,0.03648014742837996,0.15294601194361837,0.17119438552571123,0.28107019345575907,19.55092966855295,0.6418189918590872,0.1035139889428715,0.28107019345575907,0.0,-1.235880543962752e-09,0.028842037009524996,0.037081948017416655,0.02555258727040709,0.008015889620993533,0.005255953313408484,0.024972766181126944
250,DIS,2023-09-30,88898000000,20670000000,15336000000.0,0.0,3626000000.0,-1973000000.0,31139000000.0,1379000000,2354000000,1800000000.0,14182000000.0,14182000000.0,21525000000,106302000000,1963000000.0,12330000000.0,34941000000.0,4969000000.0,3080000000.0,99277000000,46431000000.0,46093000000.0,0.0,0.0,907000000.0,4330000000.0,80.91999816894531,81.7699966430664,80.79000091552734,81.40469360351562,9128100.0,1800000000.0,106302000000,29.714444444444446,0.0,-71206300000.0,0.7674863326509033,0.22477575189071936,0.05314533622559653,-26.80790674100355,0.6016558302773966,0.3,0.1334123534834716,0.03711336307948272,0.13869828342594884,0.21154888709099556,0.3650212675594564,-11.495667244367418,0.7254700442004511,0.0939461544278908,0.3650212675594564,0.0,-1.1432231923792645e-09,0.0028696271750304017,0.006904351783606377,0.0250717972910272,0.00738997953931363,0.004792194119530065,0.030876439300487602
251,AMGN,2009-12-31,14642000000,2382000000,3820000000.0,2864000000.0,624000000.0,578000000.0,3873000000.0,599000000,4605000000,995000000.0,2884000000.0,13442000000.0,6336000000,16962000000,2220000000.0,2109000000.0,5738000000.0,530000000.0,0.0,22667000000,10601000000.0,-4322000000.0,0.0,3208000000.0,0.0,0.0,57.470001220703125,57.5,56.56999969482422,40.66670608520508,4027900.0,995000000.0,16962000000,7.299497487437186,3208000000.0,424800000.0,0.83731730637891,0.31158238172920066,0.05089722675367047,14.602076124567475,0.4960387925146838,1.0,0.7924773022049286,0.26303317535545023,0.1440376997677913,0.1264771942588914,0.17949566586837015,1.2666985302903573,0.4191939259891635,0.06279620853080568,0.17949566586837015,78885169.43758816,9.573141733805338e-08,0.0,0.0,0.0,0.0,0.0,0.0
252,AMGN,2010-12-31,15053000000,2613000000,3983000000.0,2894000000.0,594000000.0,604000000.0,6570000000.0,690000000,4627000000,932000000.0,3287000000.0,17422000000.0,5787000000,19542000000,2022000000.0,2335000000.0,5522000000.0,580000000.0,0.0,23944000000,13362000000.0,-3508000000.0,0.0,3786000000.0,0.0,2488000000.0,55.470001220703125,55.61000061035156,54.77000045776367,39.46618270874024,3997500.0,932000000.0,19542000000,7.685622317596566,3786000000.0,1863400000.0,0.8264133395336478,0.3201768488745981,0.0477491961414791,14.001655629139073,0.4758519896366173,1.0,0.8915157097533517,0.23909187655196878,0.15511858101375142,0.12717382760507603,0.19473943994828,1.5966065240769507,0.531285513816737,0.06858223956485751,0.19473943994828,95930230.39346409,2.1179662288687476e-08,-0.0036346556150873934,-0.006728934292688837,0.004297233572698705,0.001574015306095685,0.011970649401740724,0.005540440622980064
253,AMGN,2011-12-31,15582000000,2714000000,4499000000.0,3167000000.0,679000000.0,610000000.0,5754000000.0,467000000,3683000000,795600000.0,6946000000.0,20641000000.0,5119000000,29842000000,2484000000.0,2896000000.0,5420000000.0,567000000.0,0.0,19029000000,21428000000.0,-8919000000.0,500000000.0,8315000000.0,0.0,84000000.0,64.94999694824219,65.19000244140625,63.45000076293945,46.5659065246582,10216800.0,795600000.0,29842000000,9.165409753645047,8815000000.0,-4558200000.0,0.8258246694904376,0.3496269816599316,0.052766552688840535,13.719672131147542,0.46797586959312026,1.0,0.6916761611152068,0.29680965467797826,0.18585547426517776,0.10901506895353456,0.1968266149568388,2.5604014816585017,0.8054991557243532,0.0677500298721472,0.19682661495683879,189301586.88808438,-1.0215854180303235e-08,-0.003830878962824117,-0.009354307640521179,0.016290988546761625,0.002070382222106828,0.023676942031403567,0.017689509759713257
254,AMGN,2012-12-31,17265000000,3825000000,4814000000.0,3380000000.0,689000000.0,1079000000.0,8191000000.0,664000000,4345000000,756300000.0,3257000000.0,24061000000.0,5882000000,35238000000,2744000000.0,2518000000.0,5326000000.0,689000000.0,0.0,19060000000,26529000000.0,-10423000000.0,1118000000.0,4607000000.0,0.0,2495000000.0,85.0,86.80000305175781,84.55999755859375,63.81585693359375,3896700.0,756300000.0,35238000000,9.100885891841862,5725000000.0,-6725400000.0,0.7784535186794093,0.3581845238095238,0.05126488095238095,7.994439295644115,0.3986678250796409,1.0,0.682814007605426,0.3181080454440065,0.1458441934549667,0.08242922990853713,0.14261166940549225,3.0754695107813586,0.7301104179152601,0.07987479712497102,0.14261166940549225,89711245.37209283,-9.488782367382424e-09,-0.01598660695141285,-0.02572805485232547,0.019490608793968127,0.001825660329409284,0.030388932983998078,0.016782522672330925
255,AMGN,2013-12-31,18676000000,3830000000,5184000000.0,4083000000.0,644000000.0,1022000000.0,7947000000.0,184000000,5081000000,754600000.0,3805000000.0,19401000000.0,6291000000,44029000000,3019000000.0,2697000000.0,5349000000.0,693000000.0,0.0,22096000000,32128000000.0,-7634000000.0,1415000000.0,832000000.0,0.0,2505000000.0,115.91000366210938,115.9499969482422,113.66999816894533,86.0216293334961,2362700.0,754600000.0,44029000000,11.205936920222635,2247000000.0,-19891100000.0,0.7949239665881345,0.3491849656473124,0.04337868786205038,9.454011741682974,0.4527736131934033,1.0,0.44064139544391195,0.3124611881598013,0.14440993788819875,0.07762005207917891,0.1302688289799591,3.32519147174498,0.678288348055655,0.07172428068722832,0.1302688289799591,26121337.35910344,-4.3246290719716904e-09,-0.010300234300767727,-0.00506741879990565,0.018346393520079766,0.003342348799054229,0.03025150429291737,0.015926144856018173
256,AMGN,2014-12-31,20063000000,5158000000,4699000000.0,4297000000.0,716000000.0,1089000000.0,7008000000.0,427000000,5158000000,760400000.0,3731000000.0,27026000000.0,8952000000,43231000000,2647000000.0,2546000000.0,5223000000.0,1003000000.0,522000000.0,25778000000,30715000000.0,-4624000000.0,1851000000.0,138000000.0,0.0,500000000.0,161.6699981689453,163.27999877929688,159.25999450683594,122.43740844726562,2691900.0,760400000.0,43231000000,11.4281956864808,1989000000.0,-11278100000.0,0.7429098340228281,0.3152633344515263,0.04803757128480376,9.37190082644628,0.4331356227882171,0.9,0.6251532465129189,0.2593572408387223,0.1269002641678712,0.06374126514945529,0.09333908509998379,3.009504213207917,0.4643431516636823,0.09827552420145012,0.09333908509998379,16245035.118140971,-1.0856208798225377e-08,-0.011847894885527066,0.01148926590285874,0.017327079267992228,0.0032482700767141335,0.030837306137624074,0.019394421269498374
257,AMGN,2015-12-31,21662000000,4945000000,4846000000.0,4070000000.0,727000000.0,1095000000.0,8664000000.0,1039000000,6939000000,754000000.0,4144000000.0,31382000000.0,9731000000,43366000000,2435000000.0,2995000000.0,4907000000.0,649000000.0,579000000.0,28083000000,31429000000.0,-2086000000.0,2396000000.0,1867000000.0,0.0,2247000000.0,162.14999389648438,164.11000061035156,162.0500030517578,127.2803726196289,1775900.0,754000000.0,43366000000,12.913793103448276,4263000000.0,-6810100000.0,0.7717200627827532,0.28988454866303764,0.04348866423401328,10.841095890410958,0.44949681469855046,0.9,0.7236544758566619,0.20512172521270322,0.13826054842581478,0.06988173811715437,0.10145942251473844,2.6475444360205542,0.4518731967519921,0.054671047089545954,0.10145942251473844,33492988.05668777,-1.8689941795220175e-08,-0.007734634601793762,-0.0010922661649509502,0.025863373244238718,0.0038694519705791477,0.041971745230337906,0.019951470904861348
258,AMGN,2016-12-31,22991000000,5261000000,5062000000.0,3840000000.0,619000000.0,1260000000.0,11204000000.0,1441000000,7722000000,738200000.0,3241000000.0,38085000000.0,10354000000,47751000000,2745000000.0,3165000000.0,4961000000.0,837000000.0,813000000.0,29875000000,34600000000.0,-438000000.0,2998000000.0,2965000000.0,0.0,4403000000.0,147.86000061035156,151.0,147.1199951171875,121.30052947998048,3640900.0,738200000.0,47751000000,13.501761040368464,5963000000.0,-3956300000.0,0.7711713279109217,0.28550479413423574,0.03491257755217146,10.053968253968254,0.43351746335522595,0.9,0.7975749198969655,0.21668771708241238,0.13766256361184812,0.07259547913354392,0.11130834381557092,2.7312914430059996,0.5332682578044875,0.06607199242185033,0.11130834381557092,49158895.06470899,-3.066009389580681e-08,0.009420497962697874,0.00012728018900295032,0.02976015238857267,0.0055149779112268656,0.04688105565071849,0.006694928655158845
259,AMGN,2017-12-31,22849000000,5123000000,4870000000.0,3562000000.0,604000000.0,1304000000.0,9020000000.0,7618000000,1979000000,722200000.0,3800000000.0,41678000000.0,11177000000,54713000000,2834000000.0,3237000000.0,4989000000.0,664000000.0,1027000000.0,25241000000,35300000000.0,-5072000000.0,3365000000.0,3160000000.0,0.0,1152000000.0,175.35000610351562,177.82000732421875,174.4199981689453,146.42909240722656,2301100.0,722200000.0,54713000000,5.447244530600941,6525000000.0,-7003600000.0,0.7757888747866427,0.274737673473993,0.03407424122757531,9.858895705521473,0.1721738369294061,0.9,0.7617568036846819,0.22044181705040447,0.1416692196595037,0.024516388600383934,0.037200561999331964,2.858068172617602,0.5173752792754067,0.05164903546981954,0.037200561999331964,44560817.0666909,-2.0907689246562706e-08,0.0013562706679631775,-0.09244099258971479,0.026684305294298574,0.00540659254517759,0.039314665059380575,0.005961467513104215
260,AMGN,2018-12-31,23747000000,5315000000,5332000000.0,3737000000.0,630000000.0,1392000000.0,13488000000.0,1151000000,8394000000,629600000.0,6945000000.0,29480000000.0,11296000000,53916000000,2940000000.0,3580000000.0,4958000000.0,738000000.0,683000000.0,12500000000,33929000000.0,-17977000000.0,3507000000.0,17794000000.0,0.0,4419000000.0,191.92999267578125,195.8000030517578,191.6100006103516,165.77951049804688,2764800.0,629600000.0,53916000000,16.767789072426936,21301000000.0,-18427400000.0,0.7761822546005811,0.2892795138888889,0.0341796875,9.410919540229886,0.44456141828441487,0.9,0.5467764670969657,0.22442748091603054,0.15075588495388892,0.0666937140160688,0.10114512355629429,2.7470650149785443,0.5165615687848027,0.05633587786259542,0.10114512355629428,128489943.87790135,-8.99635925296281e-09,0.0016703088965531372,0.0036813183097296385,0.013323306320286698,0.005762160257437086,0.018251301391444576,0.0076687984459952695
261,AMGN,2019-12-31,23362000000,5514000000,5150000000.0,4116000000.0,635000000.0,1289000000.0,12835000000.0,1296000000,7842000000,591400000.0,6037000000.0,9214000000.0,9150000000,50034000000,3584000000.0,4652000000.0,4928000000.0,618000000.0,799000000.0,9673000000,29903000000.0,-21330000000.0,3509000000.0,7702000000.0,0.0,2953000000.0,240.27999877929688,241.4600067138672,238.5,211.53648376464844,1748300.0,591400000.0,50034000000,17.10010145417653,11211000000.0,-33521800000.0,0.7639756870130981,0.2885477364410578,0.03557821604661587,9.851047323506593,0.432882458693605,0.9,0.18415477475316785,0.2822491730981257,0.1991267870901464,0.05774347328151813,0.08083759902713418,2.4210995061128653,0.3999434816299448,0.04866908174515672,0.0808375990271342,52997950.04852756,-6.3104154241314144e-09,-0.003937729257848188,0.08690287392139961,0.0056317690513038934,0.003562722628405887,0.027012232334978587,0.023291055715398645
262,AMGN,2020-12-31,25424000000,7343000000,5730000000.0,4207000000.0,640000000.0,1262000000.0,11653000000.0,869000000,7264000000,578300000.0,6266000000.0,11124000000.0,10497000000,53539000000,3893000000.0,5324000000.0,4889000000.0,608000000.0,0.0,9409000000,32986000000.0,-21408000000.0,3755000000.0,3486000000.0,0.0,91000000.0,227.3099975585937,230.25,225.88999938964844,207.32899475097656,1821000.0,578300000.0,53539000000,17.672488327857515,7241000000.0,-35231500000.0,0.7111784140969163,0.3169072507051601,0.03539627233007024,9.786846275752774,0.40198237885462557,0.9,0.2077737723902202,0.3151971500283378,0.2094084329767149,0.058926174485259025,0.08523886564483656,25.53095975232198,0.44653655848912954,0.04922678325641648,0.08523886564483656,34925168.13047391,-5.884762066644241e-09,-0.021667946834554936,-0.0141930131432631,0.013962949212669822,0.0006134121138109123,0.03977892311874167,0.030312325719018436
263,AMGN,2021-12-31,50799000000,14422000000,5368000000.0,6324000000.0,644000000.0,1197000000.0,12184000000.0,808000000,5893000000,558300000.0,7989000000.0,8868000000.0,9261000000,54465000000,4086000000.0,5839000000.0,5184000000.0,880000000.0,0.0,6700000000,33300000000.0,-24600000000.0,4013000000.0,4975000000.0,0.0,87000000.0,226.259994506836,227.7400054931641,224.8000030517578,209.141342163086,1668400.0,558300000.0,54465000000,51.95056421278883,8988000000.0,-37846000000.0,0.7160967735585346,0.14756576957967946,0.017703493965967508,25.905597326649957,0.5709561211834878,0.9,0.16282015973561004,0.1317681963300977,0.11494320754345558,0.169387579416627,0.24839930582581027,25.773993808049536,0.4664552541650378,0.028378857750975522,0.24839930582581027,42975721.14169212,-5.526114838109338e-09,-0.01595963781818784,0.04602455416329428,0.05951688038561662,0.006868759144547436,0.06268081603255901,0.035701820589777895
264,AMGN,2022-12-31,51272000000,14987000000,5414000000.0,4434000000.0,661000000.0,1406000000.0,15687000000.0,794000000,6552000000,534000000.0,7629000000.0,10120000000.0,9721000000,61460000000,4930000000.0,6392000000.0,5427000000.0,936000000.0,815000000.0,3661000000,38900000000.0,-28622000000.0,4196000000.0,6360000000.0,0.0,1591000000.0,260.8699951171875,262.6000061035156,258.8699951171875,250.9234771728516,2594800.0,534000000.0,61460000000,53.69101123595506,10556000000.0,-41861000000.0,0.7076962084568575,0.1492076615681411,0.018216894033347114,21.956614509246087,0.5591941020440007,0.8,0.16465994142531729,0.15969680282465745,0.1246684350132626,0.1466898944058732,0.21397364583374306,30.108359133126935,0.45868020902451423,0.03031971753425545,0.21397364583374306,42068602.423871145,-5.994206473157631e-09,-0.0011607352133529147,0.0524039077297917,0.07412555705269555,0.008388313320165274,0.06977506939651945,0.0383033826665644
265,AMGN,2023-12-31,25568000000,18097000000,6179000000.0,4784000000.0,685000000.0,2875000000.0,18392000000.0,1138000000,6717000000,535400000.0,10944000000.0,15458000000.0,8471000000,90922000000,9518000000.0,7942000000.0,5941000000.0,1112000000.0,0.0,6232000000,64613000000.0,-26549000000.0,4556000000.0,0.0,0.0,1443000000.0,287.2799987792969,300.6499938964844,287.2799987792969,295.0832214355469,3374900.0,535400000.0,90922000000,-5.082181546507284,4556000000.0,-63163200000.0,0.2922011889862328,0.8270646499799224,0.09168785972426717,0.4493913043478261,-0.1064220901126408,0.7,0.17001385803215943,7.36687306501548,0.3106226533166458,-0.010931681512979676,-0.01722287536981276,50.01006191950464,0.5755010196156249,0.8606811145510835,-0.01722287536981276,15439712.15250928,-4.671758578342245e-09,-0.14129852819076727,-0.22579273709870953,0.2504690066364998,0.027142650880680692,2.858709616300377,0.07056367989534576
266,CAT,2009-12-31,32396000000,26742000000,3645000000.0,1421000000.0,2254000000.0,1434000000.0,18975000000.0,-270000000,895000000,624700000.0,4867000000.0,4867000000.0,6499000000,50738000000,6360000000.0,5611000000.0,12386000000.0,1504000000.0,105000000.0,9300000000,21847000000.0,19711000000.0,1029000000.0,0.0,10646000000.0,0.0,57.59999847412109,57.959999084472656,56.9900016784668,39.26199722290039,3859700.0,624700000.0,50738000000,1.3526492716503922,1029000000.0,-35620000000.0,0.1745277194715397,0.644676335337814,0.3986558188892819,1.400976290097629,0.02608346709470305,1.0,0.09592415940715046,3.165754106520657,0.17320039511050747,0.011227002465548157,0.0344518712069347,10.874564459930314,2.068661587334264,0.7486311597809856,0.0344518712069347,26208549.558956567,-1.1022458512886129e-09,0.0,0.0,0.0,0.0,0.0,0.0
267,CAT,2010-12-31,42588000000,33088000000,4248000000.0,1905000000.0,2202000000.0,1257000000.0,22020000000.0,968000000,2700000000,638800000.0,3592000000.0,3592000000.0,5009000000,52695000000,9587000000.0,8494000000.0,12539000000.0,1575000000.0,164000000.0,11325000000,20437000000.0,21384000000.0,1084000000.0,0.0,10397000000.0,0.0,93.83000183105467,93.9000015258789,93.30999755859376,66.16828155517578,2542700.0,638800000.0,52695000000,4.738572323105823,1084000000.0,-34842500000.0,0.22306753075983846,0.4471578947368421,0.23178947368421052,4.178202068416866,0.071076359537898,1.0,0.06816586013853307,1.8253998476770754,0.19944585329200715,0.031875472477733216,0.07161395477914093,3.891279512566641,1.2466790046537268,0.2998857578065499,0.07161395477914093,16382471.699768784,-1.8990681367633144e-09,0.01617993709609959,0.014997630814398316,0.09875922030048595,0.0834331726025357,0.6701771294217908,0.013122729090749838
268,CAT,2011-12-31,60138000000,46324000000,5203000000.0,2297000000.0,2240000000.0,1222000000.0,28357000000.0,1720000000,4928000000,647500000.0,3057000000.0,3057000000.0,7010000000,67816000000,14544000000.0,10285000000.0,14395000000.0,2515000000.0,133000000.0,13402000000,46248000000.0,25219000000.0,1159000000.0,0.0,10281000000.0,0.0,92.7699966430664,95.11000061035156,92.7699966430664,67.6396484375,8177000.0,647500000.0,67816000000,8.755212355212356,1159000000.0,-46247000000.0,0.2297050118061791,0.3766468799768351,0.16215433618068625,7.046644844517185,0.09426652033655925,1.0,0.04507785773268845,1.689002438741145,0.17102331304665935,0.050791723555801256,0.12943905767491232,7.911050290797126,1.5484281416972754,0.2920682847520613,0.12943905767491232,17134920.520335533,-1.4625737547840942e-09,0.018392430778213138,0.022727684413952065,0.11344363579477038,0.09923394404727366,0.6663290212178408,0.012915987317481096
269,CAT,2012-12-31,65875000000,49862000000,5919000000.0,2466000000.0,2421000000.0,467000000.0,29415000000.0,2528000000,5681000000,655000000.0,5490000000.0,5490000000.0,5241000000,71388000000,15547000000.0,10092000000.0,16461000000.0,3350000000.0,272000000.0,17582000000,53090000000.0,29558000000.0,1617000000.0,0.0,10074000000.0,0.0,86.80999755859375,89.80000305175781,86.66999816894531,66.24722290039062,7213000.0,655000000.0,71388000000,10.838167938931297,1617000000.0,-46486700000.0,0.24308159392789375,0.36963716979953787,0.15118965840254792,21.614561027837258,0.10776470588235294,1.0,0.07690368129097327,1.5402219140083218,0.15319924098671728,0.0618487913188857,0.16360184569891442,9.39646017699115,1.645190669214552,0.3318803249455122,0.16360184569891442,24408570.340092935,-1.425079063482472e-09,0.0066713543893517635,0.012229448781484983,0.11111094341147126,0.09889465222803363,0.6491227873031538,0.016503593200166665
270,CAT,2013-12-31,55656000000,43689000000,5547000000.0,2046000000.0,2710000000.0,465000000.0,27297000000.0,1319000000,3789000000,637800000.0,6081000000.0,6081000000.0,10191000000,64018000000,12625000000.0,8413000000.0,17075000000.0,2522000000.0,272000000.0,20878000000,18720000000.0,31854000000.0,1111000000.0,2000000000.0,11854000000.0,0.0,91.0,91.18000030517578,90.45999908447266,68.51313781738281,3098900.0,637800000.0,64018000000,7.26873628096582,3111000000.0,-41207100000.0,0.21501724881414402,0.4635246929054901,0.22645608757416227,13.806451612903226,0.08329739830386661,1.0,0.0949889093692399,1.9665109034267914,0.15116070145177518,0.043039230965543865,0.10609259059685969,3.313274336283186,1.4650205920685426,0.3928348909657321,0.10609259059685969,45407349.584428065,-1.6626537130102048e-09,-0.004895920997345028,-0.003656374010897546,0.09939349655687812,0.08853550223357222,0.5816733147956054,0.017405493826806714
271,CAT,2014-12-31,55184000000,42809000000,6529000000.0,2380000000.0,2795000000.0,484000000.0,27877000000.0,692000000,3695000000,606200000.0,7341000000.0,7341000000.0,15209000000,67855000000,12205000000.0,16764000000.0,16577000000.0,1539000000.0,257000000.0,16826000000,22640000000.0,33887000000.0,1620000000.0,4238000000.0,15726000000.0,510000000.0,92.88999938964844,93.56999969482422,91.4499969482422,70.89498138427734,3251100.0,606200000.0,67855000000,7.703728142527218,5858000000.0,-37427900000.0,0.2242497825456654,0.5275959595959596,0.22585858585858587,12.078512396694215,0.08462597854450565,1.0,0.10818657431287304,2.0877523092712966,0.3037837054218614,0.042136020994335485,0.10866394196184534,4.007079646017699,1.578884749854607,0.2632569278138898,0.10866394196184533,82629262.12290609,-1.8941747034772813e-09,-0.006277270460742779,-0.0077129091126157635,0.05864227447703677,0.03519262135756508,0.1942195888845958,0.05673644112924683
272,CAT,2015-12-31,47011000000,36410000000,4951000000.0,2119000000.0,2705000000.0,507000000.0,26242000000.0,916000000,2102000000,582300000.0,6511000000.0,6460000000.0,13399000000,63457000000,9700000000.0,15686000000.0,16090000000.0,1388000000.0,246000000.0,14885000000,19564000000.0,29246000000.0,1757000000.0,2000000000.0,17640000000.0,517000000.0,68.44999694824219,69.0999984741211,67.94000244140625,54.60783386230469,4356400.0,582300000.0,63457000000,7.259144770736734,3757000000.0,-36134200000.0,0.22550041479653699,0.467031412130931,0.2551646071125366,11.143984220907297,0.08991512624704856,1.0,0.10180121972359235,1.7168141592920354,0.3336665886707366,0.044375557333960536,0.13293229665620665,3.4626548672566373,1.9956197655341625,0.2456637168141593,0.13293229665620665,68799652.61895189,-1.5112506672987e-09,0.0034943886607976538,0.002205909314393984,0.0598627938270608,0.04034785463834972,0.19862137392768703,0.07938106697392595
273,CAT,2016-12-31,38537000000,28044000000,4383000000.0,1853000000.0,2707000000.0,505000000.0,26132000000.0,192000000,-67000000,586500000.0,7199000000.0,7168000000.0,10142000000,61491000000,8614000000.0,14503000000.0,15322000000.0,1109000000.0,249000000.0,13213000000,19347000000.0,27377000000.0,1799000000.0,0.0,17478000000.0,13965000000.0,94.0,95.19000244140624,93.25,78.64688873291016,5054900.0,586500000.0,61491000000,9.229326513213982,1799000000.0,-35100200000.0,0.2722837792251602,0.4177070427904317,0.25798151148384635,12.099009900990099,0.14046241274619198,1.0,0.11656990453887561,1.4098199672667757,0.37633962166229856,0.05029855755514631,0.11735145104795387,3.1664484451718495,1.3330977418048646,0.18150572831423895,0.11735145104795389,22874395.020374153,-2.240639333477022e-09,0.01601133222649827,0.01861214473389544,0.05289817033201615,0.03856050962797761,0.25362073033196286,0.0938777910681472
274,CAT,2017-12-31,45462000000,31260000000,4999000000.0,1842000000.0,2555000000.0,531000000.0,26931000000.0,3339000000,754000000,597600000.0,8320000000.0,8261000000.0,5706000000,63196000000,10018000000.0,0.0,9823000000.0,898000000.0,243000000.0,13766000000,20412000000.0,26301000000.0,1831000000.0,0.0,17005000000.0,11031000000.0,158.3000030517578,159.38999938964844,156.02999877929688,135.36227416992188,5108400.0,597600000.0,63196000000,8.924029451137885,1831000000.0,-47718400000.0,0.3123927675861159,0.35199267708773413,0.17990423883960005,17.33145009416196,0.11730676169108266,1.0,0.13072029875308563,1.0885580788873193,0.0,0.037011976552142466,0.06592700592437922,2.5438683948155534,0.7812344020995818,0.09757687710529175,0.06592700592437924,13526663.992816225,-2.8366892890357154e-09,0.0289641175965263,0.009130545148011366,0.058385410853866476,0.02811128513921744,0.3658136532142274,0.13905179787782423
275,CAT,2018-12-31,54722000000,36997000000,5478000000.0,1850000000.0,2435000000.0,404000000.0,28218000000.0,1698000000,6147000000,575500000.0,7890000000.0,7857000000.0,6558000000,64429000000,11529000000.0,7743000000.0,9085000000.0,1276000000.0,14447000000.0,14080000000,22195000000.0,30427000000.0,1951000000.0,3798000000.0,20531000000.0,11553000000.0,126.5999984741211,128.11000061035156,124.5,111.97896575927734,3455200.0,575500000.0,64429000000,17.628149435273674,5749000000.0,-28349100000.0,0.3239099448119586,0.3090550070521862,0.13737658674189,30.314356435643564,0.18539161580351596,1.0,0.1219481910319887,0.9413733975667511,0.14149702130770075,0.07872097554865967,0.15742375646841694,2.7660767696909274,0.9997688719077018,0.10418878092594104,0.15742375646841691,51339999.08838863,-3.950000732272888e-09,0.01720872186226613,0.014976401019107993,0.07821276979710523,0.0464016709631294,0.4168613832981615,0.14023784692969382
276,CAT,2019-12-31,53800000000,36630000000,5162000000.0,1693000000.0,2253000000.0,421000000.0,26621000000.0,1746000000,6093000000,550100000.0,8292000000.0,8284000000.0,6912000000,63824000000,11266000000.0,7648000000.0,12904000000.0,1056000000.0,13844000000.0,14629000000,27273000000.0,34437000000.0,2132000000.0,4047000000.0,24217000000.0,11376000000.0,147.42999267578125,148.22999572753906,146.7899932861328,133.83010864257812,1952500.0,550100000.0,63824000000,17.889474640974367,6179000000.0,-27363800000.0,0.3191449814126394,0.30064065230052417,0.13121723937099591,28.522565320665084,0.1829182156133829,1.0,0.12979443469541238,0.9382078614257162,0.14215613382899628,0.07160009966301255,0.13367301889257244,3.398928215353938,0.8669390059749562,0.08794137241838774,0.13367301889257244,46170477.35126883,-4.890772065377547e-09,0.0022507379421745077,0.021870484640766744,0.06409021495534045,0.05507695613441995,0.30237957506517305,0.13836393297034152
277,CAT,2020-12-31,41748000000,29082000000,4642000000.0,1415000000.0,2122000000.0,514000000.0,25717000000.0,1006000000,2998000000,545300000.0,9352000000.0,9352000000.0,6327000000,62946000000,11402000000.0,16780000000.0,12401000000.0,2115000000.0,13407000000.0,15378000000,26663000000.0,35167000000.0,2243000000.0,1130000000.0,25178000000.0,11164000000.0,180.25,182.1000061035156,178.75,169.91864013671875,1717800.0,545300000.0,62946000000,11.927379424170182,3373000000.0,-18581800000.0,0.30339177924691,0.36649297331438496,0.16753513342807516,15.61089494163424,0.15579189422247772,1.0,0.14857179169446827,1.4209870388833499,0.4019354220561464,0.04179877816527621,0.0701946497133761,3.32290628115653,0.6793469281762257,0.2635842472582253,0.0701946497133761,19850676.754981328,-9.144358465634048e-09,-0.006839388521682865,-0.00986657386034608,0.04235490313530703,0.04538273732121751,0.2156929857873093,0.15354156952160466
278,CAT,2021-12-31,50971000000,35513000000,5365000000.0,1686000000.0,2050000000.0,488000000.0,29847000000.0,1742000000,6489000000,535900000.0,9254000000.0,9254000000.0,7198000000,66277000000,14038000000.0,17375000000.0,12090000000.0,2472000000.0,12707000000.0,16516000000,23586000000.0,39282000000.0,2332000000.0,2668000000.0,27643000000.0,11756000000.0,206.1999969482422,207.7400054931641,205.6699981689453,197.0269012451172,1374500.0,535900000.0,66277000000,14.672513528643403,5000000000.0,-20979000000.0,0.30327048713974614,0.3470694785871393,0.1326174149307802,20.682377049180328,0.15426418944105472,1.0,0.1396261146400712,1.3908649559100366,0.3408801082968747,0.04575136722133901,0.07446959494322872,2.7945497630331753,0.6277020658848238,0.2449222233230952,0.07446959494322872,25377245.2817476,-9.39162501764227e-09,-0.0052914980909644265,-0.009551342057442727,0.025612206506238668,0.02007823278503013,0.21138878167771055,0.14646058357244313
279,CAT,2022-12-31,59427000000,41350000000,5651000000.0,1814000000.0,1937000000.0,443000000.0,31531000000.0,2067000000,6705000000,516300000.0,7004000000.0,7004000000.0,7766000000,66052000000,16270000000.0,17869000000.0,12028000000.0,2599000000.0,0.0,15891000000,23662000000.0,43514000000.0,2440000000.0,4230000000.0,31748000000.0,5325000000.0,240.67999267578125,240.67999267578125,236.1999969482422,233.00830078125,2651900.0,516300000.0,66052000000,19.205888049583574,6670000000.0,-34212200000.0,0.30418833190300704,0.31260718039497704,0.10715273552027438,28.049661399548533,0.1668601813990274,1.0,0.10603766729243626,1.309351360051505,0.3006882393524829,0.05321050323128509,0.08242576760222037,2.803554502369668,0.5490507060974041,0.20915821664252374,0.08242576760222037,28625589.63623295,-6.810678669633932e-09,0.0002655175520323387,0.0036894290588498913,0.025244090022278124,0.019284592402024126,0.21570588442403388,0.10594849863369984
280,CAT,2023-12-31,67060000000,42767000000,6371000000.0,2108000000.0,1929000000.0,511000000.0,34728000000.0,2781000000,10335000000,499400000.0,6978000000.0,6978000000.0,12885000000,67973000000,16565000000.0,18820000000.0,12680000000.0,3092000000.0,0.0,19503000000,25800000000.0,51250000000.0,2563000000.0,4975000000.0,36339000000.0,13406000000.0,293.42999267578125,296.6400146484375,291.3500061035156,291.3601379394531,2433100.0,499400000.0,67973000000,29.295154185022028,7538000000.0,-35120500000.0,0.36225767968983,0.2622566171325073,0.07940559008767958,35.07240704500978,0.21816283924843424,1.0,0.10265840848572227,0.9242830041290034,0.280644199224575,0.06853157079071005,0.10054619822808357,3.0828055920659576,0.4671515196279921,0.1725253877915411,0.10054619822808357,25871761.50213951,-8.296013380773427e-09,0.01966239751669463,0.021299549935793177,0.036425768629026425,0.029302864705818384,0.21987461546792259,0.08616813519025313
281,VZ,2009-12-31,107808000000,93781000000,30717000000.0,0.0,14564000000.0,3102000000.0,29136000000.0,1919000000,4894000000,2841000000.0,2009000000.0,2499000000.0,31390000000,142884000000,1426000000.0,12573000000.0,91985000000.0,16872000000.0,3535000000.0,41606000000,61156000000.0,7260000000.0,5271000000.0,0.0,5000000000.0,6105000000.0,31.372386932373047,31.40990257263184,31.072263717651367,15.347860336303713,7982714.0,2841000000.0,142884000000,-7.642027455121436,5271000000.0,-107681600000.0,0.13011093796378748,2.1898481499964353,1.0382833107578242,-5.380399742101869,-0.20138579697239536,0.2,0.01748971193415638,-0.08544038346315158,0.1166239982190561,-0.11642081445289869,-0.4979213576139367,-2.2827068791758425,3.276910103694428,-1.0109047333732775,-0.49792135761393674,343435494.23185825,-1.4253001753599233e-10,0.0,0.0,0.0,0.0,0.0,0.0
282,VZ,2010-12-31,106565000000,93220000000,31366000000.0,0.0,14593000000.0,2523000000.0,30597000000.0,2467000000,2549000000,2830000000.0,6668000000.0,7213000000.0,33363000000,139044000000,1131000000.0,11781000000.0,87711000000.0,16458000000.0,3497000000.0,38569000000,52794000000.0,4368000000.0,5412000000.0,0.0,5267000000.0,7542000000.0,35.619998931884766,36.0,35.61000061035156,18.81014060974121,12139700.0,2830000000.0,139044000000,-8.131095406360425,5412000000.0,-100801500000.0,0.12522873363674752,2.3503934057699514,1.09351817159985,-7.14268727705113,-0.21593393703373528,0.3,0.05187566525704094,-0.06276011320126519,0.11055224510861915,-0.11967648835381917,-0.43227190987342073,-1.970587137471539,2.612003625937157,-0.9132678541701349,-0.4322719098734208,287717147.4835912,-1.8660576092360937e-10,-0.0016274014423466505,-0.00484938002044664,0.08027262788675804,0.027617430421012945,0.011340135130943195,0.003035876555218475
283,VZ,2011-12-31,110875000000,97995000000,35624000000.0,0.0,14991000000.0,2827000000.0,30761000000.0,285000000,2404000000,2836000000.0,13362000000.0,13954000000.0,29780000000,149836000000,940000000.0,11776000000.0,88434000000.0,16244000000.0,3448000000.0,35970000000,53218000000.0,1179000000.0,5555000000.0,0.0,5002000000.0,2915000000.0,40.27999877929688,40.47999954223633,39.68999862670898,22.01596069335937,21964200.0,2836000000.0,149836000000,-9.11706629055007,5555000000.0,-104856400000.0,0.11616685456595265,2.76583850931677,1.1638975155279503,-8.045277679518925,-0.23319954904171364,0.4,0.09312848714594624,-0.04132958142806894,0.10620969560315671,-0.12180525916766281,-0.41411167186994624,-1.9864133477660408,2.3997848262030193,-0.7142103411888849,-0.41411167186994624,252316947.57138366,-2.0996296547811455e-10,-0.004648027799278277,-0.010604584023106092,0.24270107522592457,0.05140586903805498,0.018010568525212677,0.0042711125406882725
284,VZ,2012-12-31,115846000000,102686000000,39951000000.0,0.0,14920000000.0,2571000000.0,26956000000.0,-660000000,875000000,2862000000.0,3093000000.0,3563000000.0,31486000000,184527000000,1075000000.0,12576000000.0,88642000000.0,16175000000.0,3401000000.0,32717000000,51487000000.0,-3734000000.0,5230000000.0,0.0,4071000000.0,3869000000.0,42.52999877929688,43.27000045776367,42.4900016784668,25.161420822143555,14650300.0,2862000000.0,184527000000,-10.028651292802236,5230000000.0,-149236300000.0,0.11359908844500458,3.035790273556231,1.1337386018237081,-10.42045896538312,-0.24775995718453808,0.5,0.019308827434467584,-0.04012541525139039,0.10855791309151805,-0.11188163017075826,-0.3985725354577919,-1.9218020977193835,2.5624484095331326,-0.6037475271546415,-0.3985725354577919,207857896.29961148,-1.6860121044372954e-10,-0.0038765483972476498,-0.010608673383600933,0.3343272353774887,0.04705185040177998,0.018517983014674687,0.003862761608202032
285,VZ,2013-12-31,120550000000,88582000000,27089000000.0,0.0,15019000000.0,2667000000.0,27050000000.0,5730000000,11497000000,2866000000.0,53528000000.0,54129000000.0,38818000000,224457000000,1020000000.0,12439000000.0,88956000000.0,16604000000.0,3432000000.0,38415000000,93144000000.0,1782000000.0,5936000000.0,153000000.0,3961000000.0,3486000000.0,49.0,49.220001220703125,48.77999877929688,29.84217643737793,7557100.0,2866000000.0,224457000000,-1.2274947662247033,6089000000.0,-138643600000.0,0.2651845707175446,0.8473786286286287,0.4698135635635636,1.8293963254593175,-0.029182911654914972,0.6,0.2411553215092423,0.20905923344947736,0.10318540024885939,-0.01134894803978196,-0.04113288348122094,-4.349068496988374,2.624378518346904,3.4031563845050217,-0.04113288348122094,204040077.73284942,-2.1524380813379003e-10,0.04967257205053064,0.06800554579559956,0.7568172007192716,0.25846750715583133,0.10786843476350017,0.004523765737063286
286,VZ,2014-12-31,127079000000,107480000000,41016000000.0,0.0,14966000000.0,4915000000.0,27987000000.0,3314000000,9625000000,4160000000.0,10598000000.0,11153000000.0,30631000000,287182000000,1153000000.0,13993000000.0,89947000000.0,17191000000.0,1962000000.0,11874000000,110298000000.0,2447000000.0,7803000000.0,0.0,3263000000.0,2397000000.0,47.08000183105469,47.400001525878906,46.70000076293945,29.678770065307617,14029500.0,4160000000.0,287182000000,-7.126442307692308,7803000000.0,-244306700000.0,0.15422689822866092,2.092759834685443,0.7636103882851166,-4.357477110885045,-0.23328795473681727,0.7,0.03883599947071892,-0.05383573796516786,0.11011260711840666,-0.07219362383007867,-0.24011919267579807,-5.150021011346127,2.326044322708664,-0.8026801139281878,-0.24011919267579807,262915207.83474633,-1.2148160515167049e-10,0.013542603261218783,0.0048240008159069385,0.7590419074978065,0.26917780892381105,0.10376591725722792,0.002731000915311841
287,VZ,2015-12-31,131620000000,97898000000,29986000000.0,0.0,14323000000.0,4920000000.0,35052000000.0,9865000000,17879000000,4073000000.0,4470000000.0,4820000000.0,39027000000,240940000000,1252000000.0,13457000000.0,83541000000.0,17775000000.0,1761000000.0,16000000000,108766000000.0,11246000000.0,8538000000.0,5134000000.0,7416000000.0,6325000000.0,46.52000045776367,46.650001525878906,46.209999084472656,30.75308418273925,11490900.0,4073000000.0,240940000000,-2.712742450282347,13672000000.0,-206259200000.0,0.25620726333383986,0.8892117905225075,0.4247375600498191,0.759349593495935,-0.08394620878285974,0.8,0.020004980493068814,0.3351177730192719,0.10224130071417718,-0.030172258620326516,-0.08821041929202422,-45.39482470784641,1.9235603605955576,4.757762312633833,-0.08821041929202421,444573296.088256,-1.490992119757046e-10,-0.0029924357945682414,-0.01825443237598159,0.9168561149781106,0.3145095457131287,0.16049209211609367,0.003017660731062557
288,VZ,2016-12-31,125980000000,100013000000,28102000000.0,0.0,14227000000.0,4376000000.0,30340000000.0,7378000000,13127000000,4080000000.0,2880000000.0,2880000000.0,21689000000,233698000000,1202000000.0,17513000000.0,84751000000.0,17059000000.0,1110000000.0,22075000000,106960000000.0,15059000000.0,9262000000.0,0.0,7263000000.0,2477000000.0,53.959999084472656,54.66999816894531,53.72999954223633,37.95327377319336,22891700.0,4080000000.0,233698000000,-3.404166666666667,9262000000.0,-198146400000.0,0.20612001905064295,1.0822197404397889,0.5478877036238302,-0.48788848263254114,-0.1102476583584696,0.9,0.012323597121070784,-0.5629976580796253,0.1390141292268614,-0.035745964423564446,-0.08969362398115578,-44.64106844741235,1.5091958051082255,-7.99016393442623,-0.08969362398115578,244036919.06393093,-1.9154157619413404e-10,0.017297706940660674,0.04101343212611589,0.8536400858212733,0.26035945329143834,0.30820137456486013,0.013536370801085726
289,VZ,2017-12-31,126034000000,99838000000,28592000000.0,0.0,14741000000.0,4733000000.0,33037000000.0,-9956000000,30101000000,4087000000.0,2079000000.0,2079000000.0,24318000000,226874000000,1034000000.0,23493000000.0,88568000000.0,17247000000.0,1039000000.0,42680000000,116945000000.0,35635000000.0,9472000000.0,0.0,7139000000.0,3303000000.0,53.15999984741211,53.56999969482422,52.79999923706055,39.03197479248047,16045300.0,4087000000.0,226874000000,0.6917054073892831,9472000000.0,-186731000000.0,0.20784867575416158,1.0914643457016338,0.5627194991601772,-0.5062328332981196,0.02243045527397369,1.0,0.009163676754498092,-0.4315525876460768,0.186402081977879,0.007316296497569412,0.017721506817598695,-48.808430717863104,1.4221963699101121,-7.198247078464107,0.017721506817598695,242672835.54981148,-2.09027825012882e-10,-0.016119529193226095,0.03545888801894448,0.45685919088442484,0.11648668246513459,0.3496474315452712,0.032034872849327434
290,VZ,2018-12-31,130863000000,53178000000,31083000000.0,0.0,15186000000.0,4833000000.0,37930000000.0,3584000000,15528000000,4137000000.0,2745000000.0,2745000000.0,34339000000,262123000000,1336000000.0,25102000000.0,89286000000.0,16658000000.0,671000000.0,52792000000,112913000000.0,43542000000.0,9772000000.0,0.0,6986000000.0,7040000000.0,55.52999877929688,56.22999954223633,55.06999969482422,42.93933868408203,15331800.0,4137000000.0,262123000000,9.230118443316412,9772000000.0,-220100200000.0,0.5936360927076408,0.400115852481174,0.1954817532342151,9.64245810055866,0.29179370792355364,1.0,0.010472182906498094,0.028668297497961463,0.191818925135447,0.08683085245377484,0.2149571634352649,2.422921763014463,1.4755850871059824,0.35745246985107937,0.21495716343526486,227576863.0694483,-1.9508995759241488e-10,0.12917202455233265,0.1340137887606744,0.5512909359177707,0.1866049369223784,0.32418904066633075,0.03737164559732542
291,VZ,2019-12-31,131868000000,47256000000,29896000000.0,0.0,14371000000.0,4730000000.0,44868000000.0,2945000000,19265000000,4138000000.0,2594000000.0,2594000000.0,35746000000,263005000000,1422000000.0,25429000000.0,91915000000.0,18837000000.0,558000000.0,61173000000,111489000000.0,53147000000.0,10016000000.0,0.0,6820000000.0,10777000000.0,61.209999084472656,61.400001525878906,60.93999862670898,48.88060760498047,8466700.0,4138000000.0,263005000000,11.368052199130014,10016000000.0,-220415800000.0,0.6416416416416416,0.3533304968562379,0.1698458847444807,11.567864693446088,0.3567279400612734,1.0,0.009862930362540635,0.025988741867095547,0.1928367761701095,0.10110409291652407,0.23256773506169998,2.333382168271243,1.3002801207436576,0.3442685868850062,0.23256773506169998,204907436.52252525,-2.2176544333473584e-10,0.1445976552958267,0.1114324949290999,0.32410897277395456,0.16839583771840613,0.32980434858600055,0.03614946436699278
292,VZ,2020-12-31,128292000000,48939000000,31573000000.0,0.0,14275000000.0,4247000000.0,39660000000.0,5619000000,17801000000,4143000000.0,22171000000.0,22171000000.0,41768000000,281868000000,1796000000.0,23917000000.0,94833000000.0,20318000000.0,589000000.0,67507000000,128742000000.0,60464000000.0,10232000000.0,0.0,6719000000.0,5889000000.0,58.060001373291016,58.79999923706055,58.02000045776367,48.81662368774414,12906300.0,4143000000.0,281868000000,9.151339608979,10232000000.0,-220109800000.0,0.6185342811710784,0.39788035739039485,0.17989237962017818,11.25029432540617,0.295528949583762,1.0,0.0786573857266522,0.03758894935119297,0.1864262775543292,0.07831605858703466,0.18746359165508056,2.972569845301316,1.3936801090002175,0.4252406864796986,0.18746359165508056,209600730.797137,-2.2178305412909438e-10,0.008299396154479203,0.001245080553402796,0.3448473703563964,0.18325033283607597,0.2620242811505393,0.02031818190253877
293,VZ,2021-12-31,133613000000,41288000000,28658000000.0,0.0,14119000000.0,3485000000.0,47160000000.0,6802000000,22065000000,4169000000.0,2921000000.0,2921000000.0,39539000000,325165000000,3055000000.0,23846000000.0,99696000000.0,67882000000.0,1061000000.0,81252000000,150868000000.0,71993000000.0,10445000000.0,0.0,4104000000.0,7443000000.0,52.20000076293945,52.310001373291016,51.880001068115234,45.13151168823242,15911400.0,4169000000.0,325165000000,12.804029743343728,10445000000.0,-280639500000.0,0.690988152350445,0.31040346601678853,0.15292715949092878,18.268866571018652,0.39951202353064447,1.0,0.008983131640859256,0.047984041968366656,0.1784706577952744,0.10399006403626561,0.28370487192615457,75.09606769537083,1.7281921071537665,1.0662038418647022,0.28370487192615457,231434747.2372264,-1.6081667651286587e-10,0.016448836902934454,0.014261361156457023,0.292276647736653,0.15588778300243963,0.1868028655279821,0.005109677873183461
294,VZ,2022-12-31,136835000000,45169000000,30136000000.0,0.0,14592000000.0,3613000000.0,50171000000.0,6523000000,21256000000,4205000000.0,2605000000.0,2605000000.0,37141000000,328471000000,2388000000.0,24506000000.0,107434000000.0,26740000000.0,1071000000.0,90351000000,150489000000.0,82380000000.0,10805000000.0,0.0,4013000000.0,9963000000.0,39.77000045776367,40.22999954223633,39.380001068115234,36.75505828857422,31330700.0,4205000000.0,328471000000,12.222116527942925,10805000000.0,-282509400000.0,0.6699017064347572,0.3287587546091244,0.15918661226627104,17.030168834763355,0.3755910403040158,1.0,0.00793068490064572,0.038810336421257925,0.1790916066795776,0.10640006513312145,0.3325288299635843,74.90741662518666,2.1252690451603007,0.43458475540386804,0.33252882996358424,293973142.83021754,-1.3010207196140807e-10,0.017122475087892924,0.026687363573417926,0.03607332772186175,0.015131801069373223,0.007846463976398857,0.006080006377692
295,VZ,2023-12-31,133974000000,57919000000,32745000000.0,0.0,14937000000.0,5524000000.0,53223000000.0,4892000000,11614000000,4217000000.0,2065000000.0,2065000000.0,37475000000,327344000000,2057000000.0,25996000000.0,108310000000.0,24563000000.0,953000000.0,91774000000,150674000000.0,82915000000.0,11025000000.0,0.0,3821000000.0,12973000000.0,37.72999954223633,38.970001220703125,37.68000030517578,38.235233306884766,23810900.0,4217000000.0,327344000000,7.800331989566042,11025000000.0,-280838700000.0,0.5676847746577695,0.4305436854907633,0.19639734402734862,7.840333091962346,0.2455252511681371,1.0,0.0063083484041253236,0.04749480489494343,0.19403764909609328,0.06732544674913855,0.204009007267166,74.99950223992036,2.030191660329032,0.5671438466866774,0.20400900726716603,288346612.4427911,-1.3614659698568883e-10,-0.04110112589755851,-0.05132892412083579,0.04428124825415371,0.015424029826986296,0.008031821721342858,0.006569550574283898
296,INTC,2009-12-31,35127000000,23728000000,7931000000.0,5653000000.0,4744000000.0,1000000.0,7591000000.0,1335000000,4369000000,5523000000.0,3987000000.0,13920000000.0,11170000000,11391000000,2935000000.0,2273000000.0,17225000000.0,4515000000.0,4952000000.0,41704000000,2049000000.0,26318000000.0,3108000000.0,1762000000.0,0.0,157000000.0,20.600000381469727,20.71999931335449,20.39999961853028,13.34641456604004,26429200.0,5523000000.0,11391000000,0.3860220894441427,4870000000.0,14211900000.0,0.3245082130554844,0.6957627862093166,0.4161768576190894,3468.0,0.06069405300765793,1.0,1.2220173821437976,0.8463091118800461,0.06470805932758276,0.025051922916176896,0.02892328029629591,0.5908304498269896,0.15453334233353974,1.3019031141868511,0.028923280296295914,364892007.2055695,9.39101356330965e-10,0.0,0.0,0.0,0.0,0.0,0.0
297,INTC,2010-12-31,43623000000,21681000000,6309000000.0,6576000000.0,4398000000.0,0.0,9327000000.0,4581000000,11464000000,5511000000.0,5498000000.0,21885000000.0,16692000000,13756000000,3757000000.0,2867000000.0,17899000000.0,5207000000.0,5825000000.0,49430000000,2077000000.0,32919000000.0,3503000000.0,1736000000.0,0.0,0.0,21.030000686645508,21.059999465942383,20.940000534057617,14.183175086975098,15743700.0,5511000000.0,13756000000,2.005443658138269,5239000000.0,21705900000.0,0.5029915411594801,0.28753076292042656,0.20043751709051136,3468.0,0.25335258923045184,1.0,1.5909421343413783,0.24032495362374465,0.0657222107603787,0.12023566987079906,0.14139596006115285,0.15250752625009178,0.17599012184231075,0.3330774643382588,0.14139596006115285,369381324.55342495,6.534248792713086e-10,0.0594944427013319,0.06421951207426464,0.20411601164444504,0.10786967026428902,0.30299207912815074,0.0005070757163979644
298,INTC,2011-12-31,54226000000,28835000000,7670000000.0,8350000000.0,5141000000.0,41000000.0,12028000000.0,4839000000,12942000000,5000000000.0,5065000000.0,14837000000.0,20963000000,25208000000,4096000000.0,3650000000.0,23627000000.0,10764000000.0,3120000000.0,45911000000,24534000000.0,29656000000.0,4127000000.0,14340000000.0,0.0,0.0,24.6200008392334,24.88999938964844,24.38999938964844,17.1367130279541,44845600.0,5000000000.0,25208000000,2.5682,18467000000.0,2442400000.0,0.4682440157857854,0.30207553857666103,0.20247331731715962,432.219512195122,0.23680522258695091,1.0,0.5885829895271343,0.23113819761864454,0.06731088407774868,0.11579780647711917,0.14986537942315123,1.801453851237242,0.29419877614662376,0.6074149314372778,0.14986537942315123,1077627895.7274876,7.016341724514454e-09,0.04791193424343367,0.05870372319309766,0.18910743104442776,0.10122406975058798,0.28785344463549967,0.0010711926228918704
299,INTC,2012-12-31,53417000000,29454000000,8057000000.0,10148000000.0,6357000000.0,90000000.0,12898000000.0,3868000000,11005000000,4944000000.0,8478000000.0,18162000000.0,18884000000,33148000000,4734000000.0,3833000000.0,27983000000.0,11027000000.0,5909000000.0,51203000000,42686000000.0,32138000000.0,4350000000.0,4765000000.0,0.0,0.0,20.25,20.65999984741211,20.15999984741211,14.89962100982666,41139500.0,4944000000.0,33148000000,2.4166666666666665,9115000000.0,1953000000.0,0.44860250482056274,0.3362266828026541,0.26528397946834703,176.73333333333332,0.22367411123799538,1.0,0.5479063593580307,0.2976235382874387,0.07175618248872082,0.11186037729142924,0.16219651929890141,3.1342976723694838,0.44999081199531166,0.6932604048786621,0.1621965192989014,611760526.9280633,7.62909421906127e-09,-0.018129678779639113,-0.009892825997485486,0.1685709025907152,0.08772674702992973,0.2567216071561835,0.002694585028274712
300,INTC,2013-12-31,52464000000,30757000000,8088000000.0,10611000000.0,6790000000.0,244000000.0,13568000000.0,2991000000,9620000000,4967000000.0,5674000000.0,20087000000.0,20776000000,34102000000,4172000000.0,3582000000.0,31428000000.0,10711000000.0,10002000000.0,58256000000,13165000000.0,35477000000.0,4479000000.0,2147000000.0,0.0,0.0,25.809999465942383,26.040000915527344,25.770000457763672,19.5065860748291,22808100.0,4967000000.0,34102000000,2.090597946446547,6626000000.0,7224200000.0,0.4137503812137847,0.3725987008799005,0.31280232183166723,55.8155737704918,0.19792619701128392,1.0,0.5890270365374465,0.30633673544313095,0.06827538883806038,0.0792724928604975,0.10717395337281554,0.9666642191056612,0.3519690059629965,0.7864747778838388,0.10717395337281554,339680145.69961345,2.700172486203192e-09,-0.01816454485733356,-0.012959675191889,0.15134416505960313,0.080219284565036,0.2329080676870748,0.002436910893713239
301,INTC,2014-12-31,55678000000,29861000000,8136000000.0,11537000000.0,7380000000.0,192000000.0,16011000000.0,4097000000,11704000000,4748000000.0,2561000000.0,14054000000.0,40836000000,36035000000,4273000000.0,4427000000.0,33238000000.0,10105000000.0,12335000000.0,55865000000,13195000000.0,33418000000.0,4409000000.0,10792000000.0,0.0,1088000000.0,36.630001068115234,37.040000915527344,36.290000915527344,28.1331844329834,20393600.0,4748000000.0,36035000000,2.8205560235888796,15201000000.0,2679700000.0,0.4636840403750135,0.3151411860402061,0.285858155478948,92.08854166666667,0.24052588095836774,1.0,0.3900097127792424,0.24167185113964143,0.07951075828873164,0.07895697566866959,0.10025726132453226,0.8638863428047663,0.2697707894137933,0.5715174481081386,0.10025726132453226,540322764.9614495,1.0498632097989849e-08,0.005027178518150248,0.0056172565734574536,0.0296385888643278,0.04499320855636122,0.0318125953640238,0.004913598412953539
302,INTC,2015-12-31,55018000000,29850000000,7930000000.0,12128000000.0,7821000000.0,337000000.0,15646000000.0,2792000000,11420000000,4725000000.0,15308000000.0,25313000000.0,38034000000,40374000000,5167000000.0,5255000000.0,31858000000.0,7446000000.0,12374000000.0,61085000000,22707000000.0,37614000000.0,4556000000.0,3001000000.0,0.0,2602000000.0,34.81999969482422,34.959999084472656,34.439998626708984,27.51032829284668,14736700.0,4725000000.0,40374000000,2.986031746031746,7557000000.0,10472100000.0,0.45745028899632845,0.31508264462809915,0.3107517482517482,51.1513353115727,0.2564433458140972,0.9,0.6269628969138554,0.2997447499709943,0.0955141953542477,0.08281859037561913,0.10854220692117961,1.486643970145345,0.3106019606092356,0.4319526627218935,0.1085422069211796,274696830.93403846,2.6270116111235263e-09,0.014566635927514579,0.019505716267604434,0.02474168257264443,0.040444238081169676,0.032063319384276444,0.010442113379469866
303,INTC,2016-12-31,58654000000,35003000000,8377000000.0,12685000000.0,6266000000.0,733000000.0,20302000000.0,2620000000,10316000000,4730000000.0,5560000000.0,17099000000.0,43616000000,47101000000,5553000000.0,4776000000.0,36171000000.0,9625000000.0,15322000000.0,66226000000,25258000000.0,40747000000.0,4925000000.0,2587000000.0,0.0,4609000000.0,36.61000061035156,36.93000030517578,36.27000045776367,30.19145393371582,20196500.0,4730000000.0,47101000000,2.520295983086681,7512000000.0,-848500000.0,0.4032291062843114,0.35419221174580356,0.26493594351190225,20.837653478854026,0.20324274559279845,0.8,0.3630283858092185,0.3635589891318581,0.08142667166774645,0.06277297069767203,0.08347713192679936,1.6536598140631138,0.3298260540964832,0.6301558203483043,0.08347713192679936,248812131.29027534,-3.55821495977794e-08,-0.02015164469690069,-0.012427711788523097,0.022396569656724687,0.020906104095438676,0.03865699174761428,0.009443711768888545
304,INTC,2017-12-31,64222000000,31727000000,7452000000.0,13035000000.0,6752000000.0,646000000.0,17421000000.0,10751000000,9601000000,4687000000.0,3433000000.0,14002000000.0,22110000000,53596000000,6983000000.0,5678000000.0,41109000000.0,11778000000.0,12404000000.0,69653000000,26776000000.0,42083000000.0,5072000000.0,3615000000.0,0.0,1739000000.0,46.380001068115234,46.900001525878906,46.209999084472656,39.74063873291016,23370800.0,4687000000.0,53596000000,2.911457222103691,8687000000.0,-10934300000.0,0.5059792594438043,0.2293275888598246,0.20778581320203107,38.76625386996904,0.2124817040889415,0.7,0.26125083961489665,0.2788403945214232,0.08841207063000218,0.05689143140720005,0.073261460181128,1.0692009743241624,0.28774155209348795,0.4703110649682546,0.073261460181128,218592359.7852515,-3.6344931758695266e-09,0.016176323482491945,-0.014653880575051912,0.04933092113278714,0.038558931464993985,0.039775551630966036,0.009128716628391343
305,INTC,2018-12-31,69675000000,33989000000,6950000000.0,13543000000.0,7520000000.0,468000000.0,16626000000.0,2264000000,21053000000,4516000000.0,3019000000.0,5807000000.0,29432000000,53400000000,7253000000.0,6884000000.0,48976000000.0,15181000000.0,5012000000.0,74563000000,25859000000.0,50172000000.0,5541000000.0,10730000000.0,0.0,761000000.0,47.09000015258789,47.47999954223633,46.54999923706055,40.81026077270508,20490400.0,4516000000.0,53400000000,5.758193091231178,16271000000.0,-23652100000.0,0.5121779691424471,0.19475424536232697,0.2107268957013955,61.401709401709404,0.3732185145317546,0.6,0.10874531835205993,0.2524011692650334,0.0988015787585217,0.10939879823350611,0.1410966992664355,1.017750314861461,0.2897463367492561,0.5282920378619154,0.14109669926643548,398698751.04749274,-1.7254392114317578e-09,0.03631628761937855,0.05665858964631871,0.05964942304362771,0.04084941998935376,0.04322432302495622,0.0075616937279184915
306,INTC,2019-12-31,71052000000,36568000000,6350000000.0,13362000000.0,9204000000.0,489000000.0,22310000000.0,3010000000,21048000000,4290000000.0,4194000000.0,1082000000.0,33145000000,59020000000,8744000000.0,7735000000.0,55386000000.0,16213000000.0,3313000000.0,77504000000,29003000000.0,53523000000.0,5576000000.0,13576000000.0,0.0,3700000000.0,59.619998931884766,59.93000030517578,59.36000061035156,53.34389114379883,14432900.0,4290000000.0,59020000000,5.742424242424242,19152000000.0,-32987800000.0,0.48533468445645445,0.18414337083864982,0.2669063913699107,57.533742331288344,0.3467178967516748,0.5,0.01833276855303287,0.3107983223146371,0.10886393064234645,0.08557822217008207,0.10764914443425999,2.9869207003089597,0.25790349115120864,0.5762778133219592,0.10764914443425999,359028927.01194334,-1.61707937915832e-09,-0.00688152499578328,0.04474539755424444,0.06746414534672077,0.038728350121789136,0.037051533685213946,0.009314244099852041
307,INTC,2020-12-31,76984000000,42390000000,6180000000.0,13556000000.0,10482000000.0,629000000.0,24754000000.0,4179000000,20899000000,4062000000.0,5865000000.0,2292000000.0,35864000000,72018000000,8427000000.0,6913000000.0,56584000000.0,14259000000.0,2210000000.0,81073000000,36401000000.0,56233000000.0,5568000000.0,14229000000.0,0.0,2500000000.0,48.75,50.18999862670898,48.720001220703125,45.50835037231445,28576800.0,4062000000.0,72018000000,5.811422944362383,19797000000.0,-46455300000.0,0.44936610204717864,0.17864369543851535,0.30300052032144303,45.17329093799682,0.30663514496518757,0.4,0.03182537698908606,0.296579151122686,0.08979788007897745,0.09189758138920961,0.1277001450682737,4.332936555172004,0.38959201251914494,0.501830083761526,0.1277001450682737,435019064.3702994,-9.796158968366247e-10,-0.02093728903175614,-0.022194456522189005,0.06540755388856807,0.036442079957804525,0.037095767690936685,0.009481637474097688
308,INTC,2021-12-31,78168000000,46217000000,6543000000.0,15190000000.0,9953000000.0,597000000.0,27462000000.0,1835000000,19868000000,4070000000.0,4827000000.0,2103000000.0,29456000000,73015000000,10776000000.0,9480000000.0,63245000000.0,18733000000.0,856000000.0,95391000000,38101000000.0,68265000000.0,5644000000.0,2415000000.0,0.0,4591000000.0,51.88999938964844,52.15999984741211,51.459999084472656,48.26276016235352,16319000.0,4070000000.0,73015000000,5.645208845208845,8059000000.0,-44435000000.0,0.4087478251970116,0.2047823229319896,0.31150824700322366,42.55946398659967,0.29393102036639035,0.3,0.028802300897075944,0.4241183879093199,0.12127724900214921,0.08527175592675866,0.11696821371630307,-2.2828639904134214,0.37171109525138707,0.7372874685138538,0.11696821371630309,166981746.85595945,-1.0861429090211212e-09,-0.025528953086480954,-0.017595625461761483,0.017911337423654812,0.044054515247797195,0.05909291138188975,0.012335784640164799
309,INTC,2022-12-31,61811000000,45099000000,7002000000.0,17528000000.0,11128000000.0,496000000.0,32155000000.0,-249000000,8014000000,4137000000.0,11144000000.0,17194000000.0,15433000000,80680000000,13224000000.0,4271000000.0,80860000000.0,24844000000.0,10000000.0,101423000000,38107000000.0,70405000000.0,5997000000.0,0.0,0.0,423000000.0,27.049999237060547,27.06999969482422,26.3700008392334,26.044008255004883,31308000.0,4137000000.0,80680000000,2.2874063330916123,5997000000.0,-37275200000.0,0.2703725874035366,0.4189803733843944,0.6658688367640019,19.576612903225808,0.1530957272977302,0.2,0.21311353495290034,1.3618949536560248,0.06909773341314653,0.050221823539812846,0.08782850591563765,-2.114588535597359,0.7488115668681862,2.5585993820803297,0.08782850591563766,230264095.34513777,-6.986953324195412e-10,-0.05966450488121402,-0.05117980588915246,0.09179987827293005,0.1610915259584865,0.42020289557167606,0.017675854131891464
310,INTC,2023-12-31,53879000000,39844000000,5634000000.0,16046000000.0,7847000000.0,878000000.0,28053000000.0,-913000000,1689000000,4228000000.0,7079000000.0,17955000000.0,11471000000,85982000000,11127000000.0,3461000000.0,96647000000.0,25750000000.0,5000000.0,105590000000,49266000000.0,69156000000.0,3088000000.0,0.0,0.0,2300000000.0,49.20000076293945,49.380001068115234,47.45000076293945,47.66029739379883,45905700.0,4228000000.0,85982000000,1.9952696310312203,3088000000.0,-40360300000.0,0.26049110042873846,0.40142500890630567,0.5591022443890274,9.568337129840547,0.15657306186083633,0.2,0.2088227768602731,1.3244851803356743,0.06423653000241282,0.029343656148743187,0.04186439741542252,-2.1661097432289833,0.4266932928606993,3.065111296274253,0.04186439741542252,64791874.34532848,-1.1808707416396515e-09,-0.04941890825609104,-0.045785986168518006,0.10876575612012312,0.16043051716591794,0.4917173316809165,0.022057530427471415
311,BA,2009-12-31,68281000000,56540000000,3364000000.0,6506000000.0,1459000000.0,339000000.0,32883000000.0,396000000,1312000000,1012261159.0,9215000000.0,11223000000.0,5603000000,59828000000,19677000000.0,5785000000.0,8784000000.0,1186000000.0,1030000000.0,2128000000,12217000000.0,22746000000.0,1220000000.0,50000000.0,15911000000.0,669000000.0,55.0,55.220001220703125,54.04999923706055,42.18011474609375,2189400.0,1012261159.0,59828000000,7.549435174959627,1270000000.0,-31351700000.0,0.1719512016519969,0.28651733242483607,0.12426539477046249,24.710914454277287,0.11191986057614857,1.0,0.18758775155445612,2.3489315984242567,0.08472342232831974,0.07453770540788437,0.1789809065338963,1.458397994508774,1.4012129908544817,0.14157813059567864,0.1789809065338963,30108974.516661625,-1.3453852501170192e-09,0.0,0.0,0.0,0.0,0.0,0.0
312,BA,2010-12-31,64306000000,51843000000,3644000000.0,4121000000.0,1510000000.0,729000000.0,35395000000.0,1196000000,3307000000,1012261159.0,5359000000.0,10517000000.0,2952000000,65703000000,20188000000.0,5422000000.0,8931000000.0,1125000000.0,1111000000.0,2766000000,886000000.0,24784000000.0,1253000000.0,0.0,17187000000.0,807000000.0,64.9000015258789,65.29000091552734,64.62000274658203,52.12399673461914,2137400.0,1012261159.0,65703000000,6.810495432631728,1253000000.0,-37857200000.0,0.19380773178241534,0.2923854609644548,0.12115862954344861,12.097393689986282,0.10720617049730974,1.0,0.16006879442339011,2.2891484295271574,0.08431561596118559,0.05819386435806688,0.13065950155944983,0.10046490531806328,1.2452453192574024,0.12756548361492231,0.13065950155944983,24038831.98710655,-1.3768582128265994e-09,0.007285510043472813,-0.0015712300262796103,0.0029340642698093555,0.0015533826135069387,0.02989158444854967,0.00020390318356707654
313,BA,2011-12-31,68735000000,55888000000,3408000000.0,3918000000.0,1457000000.0,683000000.0,41274000000.0,1382000000,4018000000,1012261159.0,10049000000.0,11272000000.0,4023000000,76378000000,56499000000.0,5793000000.0,9313000000.0,1713000000.0,1043000000.0,3515000000,9175000000.0,27524000000.0,1244000000.0,0.0,16603000000.0,2256000000.0,74.69999694824219,75.0,74.12000274658203,60.73110961914063,6859300.0,1012261159.0,76378000000,7.284681363537332,1244000000.0,-29316500000.0,0.18690623408743726,0.26527593990814974,0.11341169144547365,13.8199121522694,0.10728158871026405,0.9,0.14758176438241377,5.9856976374615956,0.08428020659052884,0.05349147449732748,0.11994974913551419,0.9848647488192357,1.2424087251793197,0.18148108909842145,0.11994974913551419,20483735.729536686,-2.0715675342943607e-09,0.004985010811813452,-0.0015460906219615055,0.011645494219309181,0.00456398845962744,1.728651282122679,0.00020110805465691246
314,BA,2012-12-31,81698000000,68665000000,3717000000.0,3298000000.0,0.0,625000000.0,44982000000.0,2007000000,3900000000,1012261159.0,10341000000.0,13558000000.0,7508000000,83029000000,62725000000.0,5608000000.0,9660000000.0,1710000000.0,1180000000.0,5867000000,10231000000.0,30037000000.0,1322000000.0,0.0,15937000000.0,1340000000.0,74.61000061035156,75.41000366210938,74.0,63.150909423828125,4939000.0,1012261159.0,83029000000,6.603039087860527,1322000000.0,-30510100000.0,0.15952654899752747,0.28519910995166114,0.0,14.9056,0.08181350828661656,0.8,0.16329234363896952,6.733039931300987,0.06864305123748439,0.04548355487213172,0.10455968327463334,1.0982181193645342,1.2988458920720425,0.18355517389437526,0.10455968327463334,20933981.981598865,-2.069836199285749e-09,-0.011427060928295957,-0.008464220736897727,0.010219074922841003,0.05194407059687211,2.0374802967568395,0.0068423874078225345
315,BA,2013-12-31,86623000000,73268000000,3956000000.0,3071000000.0,0.0,548000000.0,51486000000.0,1646000000,4585000000,1012261159.0,9088000000.0,15258000000.0,8179000000,77788000000,20401000000.0,6546000000.0,10224000000.0,2238000000.0,1204000000.0,14875000000,9483000000.0,32964000000.0,1467000000.0,2801000000.0,17671000000.0,1495000000.0,136.16000366210938,137.0500030517578,135.74000549316406,116.65411376953124,2096000.0,1012261159.0,77788000000,7.117728400364317,4268000000.0,-43843900000.0,0.15417383373930713,0.29621864470235865,0.0,17.151459854014597,0.08317652355609942,0.7,0.19614850619632848,2.1705500585168633,0.07556884430232155,0.036784145980201896,0.06101566563204554,1.008937120970316,0.6587490073817569,0.23811043728056175,0.06101566563204554,36586793.74507198,-2.6606691870369935e-09,-0.010910800116043376,-0.008035021718054878,0.010693103871254848,0.05870417263861034,2.0183038997190583,0.006428869271650799
316,BA,2014-12-31,90762000000,76752000000,3767000000.0,3047000000.0,0.0,504000000.0,48233000000.0,1691000000,5446000000,1012261159.0,11733000000.0,13092000000.0,8858000000,84256000000,76022000000.0,7729000000.0,11007000000.0,2236000000.0,1154000000.0,8665000000,8909000000.0,36180000000.0,2115000000.0,6001000000.0,23298000000.0,865000000.0,132.25,132.3000030517578,129.86000061035156,113.68344116210938,2712400.0,1012261159.0,84256000000,7.950517441517284,8116000000.0,-23614400000.0,0.15435975408210484,0.26887937187723054,0.0,20.3234126984127,0.08867147043917058,0.6,0.15538359285985567,7.42184906765596,0.08515678367598775,0.04037458222812007,0.06993558041738084,0.8697647173679586,0.7321685218249055,0.21829542126330176,0.06993558041738085,71391223.88481198,-4.814157512454662e-09,-0.001722264971807543,0.0022859873841846734,0.012419931620734537,0.05750996117474039,2.243342548726608,0.006501136867711025
317,BA,2015-12-31,96114000000,82088000000,3525000000.0,3331000000.0,0.0,497000000.0,50412000000.0,1979000000,5176000000,1012261159.0,11302000000.0,12052000000.0,9363000000,88073000000,75761000000.0,8713000000.0,12076000000.0,2450000000.0,1284000000.0,6335000000,9814000000.0,38756000000.0,2490000000.0,6751000000.0,29568000000.0,1181000000.0,145.9600067138672,145.9600067138672,144.5,129.6731414794922,2105200.0,1012261159.0,88073000000,7.9277960323280565,9241000000.0,-27470900000.0,0.1459308737540837,0.2513189790389277,0.0,21.12877263581489,0.08349460016230727,0.6,0.13684102960044509,7.214646224169127,0.09065276650644027,0.03658768696831294,0.061136762338574464,0.9345776592705457,0.6709654915196597,0.23331111322731168,0.061136762338574464,71263793.67821103,-4.720381985282324e-09,-0.0027476533284078084,0.0001060255354026161,0.01570932925717583,0.04536467657818946,1.931542534136951,0.007788563462754471
318,BA,2016-12-31,93496000000,79026000000,3616000000.0,4626000000.0,0.0,535000000.0,50134000000.0,749000000,5034000000,1012261159.0,8801000000.0,10029000000.0,10496000000,89180000000,70295000000.0,8832000000.0,12807000000.0,2613000000.0,1317000000.0,817000000,9815000000.0,40714000000.0,2756000000.0,7001000000.0,36097000000.0,327000000.0,156.3000030517578,157.13999938964844,155.2100067138672,145.53366088867188,3426100.0,1012261159.0,89180000000,9.454081997430468,9757000000.0,-33059500000.0,0.1547659792932318,0.24989633724948168,0.0,20.28785046728972,0.10235732009925558,0.6,0.11245795021305226,6.476414225170444,0.09446393428595876,0.04046544612041876,0.06496147997446795,17.621184919210055,0.6053568217474453,0.24074074074074073,0.06496147997446795,67042909.11408984,-4.402173683469861e-09,0.00013540840370898644,0.0045619498866950004,0.018288610577180533,0.0,1.9455575387784927,0.009549130079387607
319,BA,2017-12-31,94005000000,76612000000,4094000000.0,3179000000.0,0.0,541000000.0,74648000000.0,1649000000,8458000000,1012261159.0,8813000000.0,9992000000.0,13346000000,110706000000,72438000000.0,10516000000.0,12672000000.0,1870000000.0,1260000000.0,1656000000,10380000000.0,49618000000.0,3417000000.0,9236000000.0,43454000000.0,683000000.0,295.75,296.989990234375,295.3999938964844,282.8863830566406,2978900.0,1012261159.0,110706000000,10.974440638396558,12653000000.0,-52287800000.0,0.18502207329397372,0.23538205025010062,0.0,24.582255083179298,0.11817456518270304,0.6,0.09025707730384984,5.446875704940221,0.11186639008563375,0.02797807604970711,0.038794517147894,-0.9883831651114073,0.3866041781775816,0.14061207609594706,0.03879451714789401,44728204.52961346,-5.410179488458888e-09,0.013030399846630005,0.011559988340131925,0.020849681916124175,0.0,1.916883636276605,0.011986008164931153
320,BA,2018-12-31,101127000000,81490000000,4567000000.0,3269000000.0,0.0,624000000.0,81590000000.0,1144000000,10460000000,1012261159.0,7637000000.0,8564000000.0,15322000000,117020000000,9814000000.0,3879000000.0,12645000000.0,1791000000.0,1087000000.0,339000000,11796000000.0,55941000000.0,3946000000.0,9000000000.0,52348000000.0,1238000000.0,320.5,323.6400146484375,318.75,313.37225341796875,3557700.0,1012261159.0,117020000000,13.140877610221533,12946000000.0,-96829800000.0,0.19418157366479774,0.23257116667515404,0.0,24.150641025641026,0.13153757156842386,0.6,0.07318407109895744,0.651227604512276,0.03835770862380967,0.030633213501983454,0.041933762376513056,-1.1232146257855646,0.3688985771537782,0.11884538818845389,0.041933762376513056,41311889.80133771,-3.2363203623054965e-09,0.013138531457188648,0.00972675048972276,0.013015831172555451,0.0,2.4933356560518107,0.024555228820245606
321,BA,2019-12-31,76559000000,72093000000,3909000000.0,3219000000.0,0.0,867000000.0,97312000000.0,-1623000000,-636000000,1012261159.0,9485000000.0,10030000000.0,-2446000000,141925000000,10606000000.0,3266000000.0,12502000000.0,1961000000.0,1092000000.0,-8617000000,20964000000.0,50644000000.0,4630000000.0,2651000000.0,54914000000.0,1160000000.0,325.4100036621094,326.57000732421875,323.32000732421875,323.83331298828125,4958800.0,1012261159.0,141925000000,1.297096098498036,7281000000.0,-120386800000.0,0.05833409527292676,0.8752798925212718,0.0,0.6424452133794695,0.017150171762954063,0.6,0.07067112911749163,19.04129263913824,0.042659909350958085,0.0027952294242228415,0.004005443684989181,-1.9961912016758712,0.43295704112116484,3.52064631956912,0.004005443684989181,22483789.36932743,-2.689940367118997e-09,-0.04222932600701565,-0.033674797806582994,0.25330627981054527,0.0,6.084366363868,0.029562552950993252
322,BA,2020-12-31,58158000000,63843000000,4817000000.0,2476000000.0,0.0,2280000000.0,87280000000.0,-2535000000,-11873000000,1012261159.0,7752000000.0,25600000000.0,-18410000000,170211000000,11562000000.0,1955000000.0,11820000000.0,1303000000.0,1016000000.0,-18316000000,63380000000.0,38610000000.0,1158000000.0,0.0,52641000000.0,1628000000.0,216.2400054931641,216.8999938964844,212.6999969482422,214.0599975585937,10487600.0,1012261159.0,170211000000,-10.122881737478579,1158000000.0,-133886000000.0,-0.0977509542969153,-0.8473175021987687,-0.0,-4.606140350877193,-0.17619244128064926,0.6,0.15040156041618932,-1.1009331555894115,0.03361532377316964,-0.026485179562324494,-0.0472899273705153,-6.035040944581985,0.7855241365924447,-0.12407160540849362,-0.0472899273705153,5409698.277152535,-1.5988228609308942e-09,-0.09731084265390434,-0.10257667094969103,0.5558339653156774,0.0,7.065236427034606,0.032419784518179465
323,BA,2021-12-31,62286000000,59269000000,4157000000.0,2249000000.0,0.0,2790000000.0,81992000000.0,-743000000,-4202000000,1012261159.0,8052000000.0,16200000000.0,-3416000000,153398000000,10717000000.0,2641000000.0,10918000000.0,980000000.0,975000000.0,-14999000000,57921000000.0,34408000000.0,24000000.0,0.0,51861000000.0,1235000000.0,202.1999969482422,203.69000244140625,200.02999877929688,201.32000732421875,8053000.0,1012261159.0,153398000000,-3.1483970037419957,24000000.0,-126568100000.0,0.04843785120251742,1.377858800132582,0.0,-0.40860215053763443,-0.05116719648075009,0.7,0.10560763504087406,-9.400877192982456,0.04240118164595575,-0.0089225115691982,-0.01563876857341662,-50.80789473684211,0.7527316666535809,-0.8596491228070176,-0.01563876857341662,119213.18858959134,-1.5906062216642167e-09,-0.003298748023469781,-0.02277245608123472,0.7469731807883175,0.0,9.374434821132256,0.02922883464981091
324,BA,2022-12-31,66608000000,63078000000,4187000000.0,2852000000.0,0.0,2650000000.0,90052000000.0,31000000,-4935000000,1012261159.0,14614000000.0,17220000000.0,3512000000,152948000000,9655000000.0,2517000000.0,10550000000.0,1222000000.0,983000000.0,-15883000000,56794000000.0,29473000000.0,10000000.0,0.0,50814000000.0,5125000000.0,192.9499969482422,197.17999267578125,192.3999938964844,195.38999938964844,8624600.0,1012261159.0,152948000000,-3.2975679945060503,10000000.0,-125793900000.0,0.05299663704059573,1.1861189801699716,0.0,-0.2479245283018868,-0.050114100408359355,0.8,0.11258728456730392,-14.69558599695586,0.03778825366322364,-0.009517191906860916,-0.016876851449955797,-86.44444444444444,0.7733015804577109,-1.8599695585996956,-0.016876851449955797,51179.692058127875,-1.553254962201255e-09,0.050249197112503675,0.04202611362409664,0.8059716417676019,0.0,11.510716608337763,0.0033416244112245896
325,BA,2023-12-31,77794000000,70070000000,5168000000.0,3377000000.0,0.0,2560000000.0,95827000000.0,237000000,-2222000000,1012261159.0,12691000000.0,15965000000.0,5960000000,154240000000,10112000000.0,2649000000.0,10661000000.0,1527000000.0,1035000000.0,-17233000000,52055000000.0,27251000000.0,0.0,0.0,49549000000.0,5127000000.0,257.2799987792969,258.5899963378906,250.8699951171875,251.759994506836,5815200.0,1012261159.0,154240000000,-0.23808085280885502,0.0,-127932600000.0,0.09928786281718384,0.6690833764888658,0.0,0.9984375,-0.003097925289868113,0.9,0.10350752074688796,3.956181533646322,0.03405146926498188,-0.0005891169365451648,-0.0009456659437700714,20.365805946791863,0.6052262040128457,0.5974178403755869,-0.0009456659437700713,0.0,-1.9679111853181753e-09,0.016950003871555475,0.01602309039696066,0.7887017938022088,0.0,11.68591510997558,0.0038959720868039505
326,IBM,2009-12-31,95758000000,51973000000,20952000000.0,5820000000.0,3773000000.0,402000000.0,36002000000.0,4713000000,13425000000,1318329640.0,12183000000.0,13974000000.0,20773000000,86267000000,2494000000.0,10736000000.0,14165000000.0,4077000000.0,115000000.0,22637000000,24154000000.0,80900000000.0,2860000000.0,7429000000.0,81243000000.0,2222000000.0,126.58699798583984,127.00764465332033,125.0,75.86904907226562,4417676.0,1318329640.0,86267000000,13.439734238244085,10289000000.0,-59509200000.0,0.4572463919463648,0.47852004110996915,0.08617106314948042,56.798507462686565,0.1850289270870319,1.0,0.16198546373468417,0.10922787193973635,0.11211595897992857,0.09511109427637321,0.17714383404809353,1.0578548591950248,0.8624939119441746,0.17855735120220734,0.17714383404809353,135615249.24610138,-1.2749129390458219e-09,0.0,0.0,0.0,0.0,0.0,0.0
327,IBM,2010-12-31,99870000000,53857000000,21837000000.0,6026000000.0,3657000000.0,368000000.0,40562000000.0,4890000000,14824000000,1227993544.0,10661000000.0,11651000000.0,19549000000,90279000000,2450000000.0,10834000000.0,14096000000.0,4754000000.0,122000000.0,23046000000,25863000000.0,92532000000.0,3177000000.0,15375000000.0,96161000000.0,4017000000.0,140.27725219726562,140.602294921875,139.54110717773438,86.68889617919922,3106411.0,1227993544.0,90279000000,15.405618451687886,18552000000.0,-65794600000.0,0.4607289476319215,0.4745832699454502,0.07947753895638189,65.69565217391305,0.18942625413036948,1.0,0.12905548355653032,0.10134017207147585,0.10848102533293282,0.09616107735250287,0.1777115539669823,1.0697799470549305,0.8480611788024734,0.1966412971542025,0.17771155396698227,214006646.96030015,-1.3175685569818682e-09,0.0011608518951855735,0.00146577568111253,0.00196838558225948,0.0033467620965492648,0.003943849934130252,0.0018174668234978777
328,IBM,2011-12-31,106916000000,56778000000,23594000000.0,6258000000.0,3589000000.0,411000000.0,42123000000.0,5148000000,15849000000,1163182565.0,11922000000.0,11922000000.0,19846000000,96197000000,2595000000.0,28080000000.0,13883000000.0,4667000000.0,131000000.0,20138000000,27161000000.0,104857000000.0,3473000000.0,15046000000.0,110963000000.0,4306000000.0,178.51815795898438,180.4110870361328,177.8202667236328,111.90565490722656,5905716.0,1163182565.0,96197000000,18.04102006979446,18519000000.0,-57605900000.0,0.4689475850200157,0.4705811958993179,0.07158243248633771,64.58394160583941,0.1962755808298103,1.0,0.12393317878935933,0.0977622061482821,0.2626360881439635,0.0927047904662869,0.16121633964566898,1.1693718517242864,0.7390292220583473,0.1758212778782399,0.16121633964566898,165487615.57539567,-1.9426075264378573e-09,0.0039003976912169724,0.0037488845809261393,0.00324105653471885,0.005962513609791284,0.004789794027125878,0.07182796222491059
329,IBM,2012-12-31,102874000000,52513000000,23463000000.0,5816000000.0,3392000000.0,459000000.0,43625000000.0,5541000000,16593000000,1117367676.0,10412000000.0,11129000000.0,19586000000,100229000000,2287000000.0,28705000000.0,13996000000.0,4717000000.0,120000000.0,18860000000,29680000000.0,117641000000.0,3773000000.0,11995000000.0,123131000000.0,5593000000.0,180.90821838378903,183.2504730224609,180.53536987304688,116.99617004394533,4900405.0,1117367676.0,100229000000,18.702885763450347,15768000000.0,-62073300000.0,0.48954060306783054,0.4658962292249955,0.0673537062409404,58.60130718954248,0.2031417073312985,1.0,0.11103572818246216,0.08502490891516098,0.2790306588642417,0.0904844782819753,0.15985895740369357,1.465389552680952,0.766700327381319,0.1753661982303517,0.15985895740369357,134773642.53955773,-1.8848066728198005e-09,0.009603885145303007,0.004571817733643004,0.004685844660228989,0.0072410569123074866,0.008734590406947608,0.08048671548021331
330,IBM,2013-12-31,98367000000,49683000000,23451000000.0,5743000000.0,3327000000.0,402000000.0,40154000000.0,3363000000,16476000000,1054390937.0,10716000000.0,11066000000.0,17485000000,103294000000,2310000000.0,30252000000.0,13821000000.0,4140000000.0,137000000.0,22792000000,36710000000.0,130042000000.0,4058000000.0,13859000000.0,137242000000.0,3854000000.0,178.28871154785156,179.53155517578125,178.10707092285156,116.78832244873048,3786206.0,1054390937.0,103294000000,20.36056954461474,17917000000.0,-63970200000.0,0.4949220775259996,0.4816982992358886,0.0683386738969682,62.76865671641791,0.21824392326694927,1.0,0.10713110151606095,0.09154678397336821,0.3075421635304523,0.09480885368292084,0.17433737481376133,2.080240267467558,0.8388301096521643,0.16407085958863393,0.17433737481376133,153414310.81746617,-1.8256676147445292e-09,0.008658164168661294,0.007322780812379655,0.005604764446863652,0.007190235144001583,0.008271364488247729,0.08585941569126786
331,IBM,2014-12-31,92793000000,46386000000,23180000000.0,5437000000.0,3145000000.0,484000000.0,39581000000.0,4234000000,12016000000,990523759.0,8476000000.0,8476000000.0,16868000000,105257000000,2103000000.0,31831000000.0,10771000000.0,4183000000.0,350000000.0,11868000000,39593000000.0,137793000000.0,4265000000.0,13679000000.0,150715000000.0,4601000000.0,153.3556365966797,154.397705078125,153.32696533203125,102.32167053222656,4196447.0,990523759.0,105257000000,18.686073738085874,17944000000.0,-67760500000.0,0.5001131550871294,0.4994936108776693,0.06776994849914883,47.989669421487605,0.19946547692175057,1.0,0.08052671081258253,0.09054118052266759,0.3430323408015691,0.08958465460819265,0.18262088217373884,2.293517928517639,1.0385286182376805,0.18009213415421707,0.18262088217373884,175368520.73137796,-1.5100489301617692e-09,0.003524184006432951,-0.0012254101365159753,0.01172903956255811,0.004538140641662489,0.0057219125845979395,0.08059979803584486
332,IBM,2015-12-31,81741000000,41057000000,20430000000.0,5247000000.0,2662000000.0,468000000.0,34269000000.0,2581000000,13190000000,965728725.0,7686000000.0,8194000000.0,17255000000,96071000000,1551000000.0,28554000000.0,10727000000.0,4151000000.0,282000000.0,14262000000,38699000000.0,146124000000.0,4897000000.0,4609000000.0,155518000000.0,5271000000.0,132.95411682128906,132.9827880859375,131.52008056640625,90.63412475585938,3621357.0,965728725.0,96071000000,17.815562025453886,9506000000.0,-61830900000.0,0.4977184032492874,0.5021630124864812,0.06543112771605546,43.27777777777778,0.21048188791426578,1.0,0.08529108680038722,0.07657746617952009,0.3493228612324293,0.09370967208858966,0.19656572039994388,2.24173086948966,1.097603331853706,0.20494717092919917,0.19656572039994388,104883232.72946319,-1.465838678651926e-09,0.000932108574429269,-0.002587345117561165,0.014717676619150856,0.001998647173335723,0.007116760666235765,0.03415163630574364
333,IBM,2016-12-31,79919000000,41403000000,20869000000.0,5726000000.0,2837000000.0,630000000.0,36275000000.0,449000000,11872000000,945867403.0,7826000000.0,8527000000.0,17084000000,99078000000,1553000000.0,29245000000.0,10830000000.0,3567000000.0,119000000.0,18246000000,40893000000.0,152759000000.0,5256000000.0,3502000000.0,159050000000.0,6239000000.0,159.6558380126953,160.48757934570312,158.70936584472656,114.3041763305664,3069278.0,945867403.0,99078000000,17.516197246518285,8758000000.0,-64093500000.0,0.48193796218671403,0.5418267732890227,0.07365770069581473,28.011111111111113,0.20730990127504098,1.0,0.08606350552090272,0.0880036266787556,0.3659330071697594,0.07996347610588482,0.1532419707558334,3.1925208837536108,0.9163995641324518,0.20213067376891256,0.15324197075583343,76620122.56378071,-1.7833973231383277e-09,-0.006058397633471786,0.002614808117763471,0.025442141280207713,0.0027529010458610106,0.005377075315297141,0.0314049111850289
334,IBM,2017-12-31,79139000000,42196000000,19680000000.0,5590000000.0,3021000000.0,615000000.0,37363000000.0,5642000000,5753000000,922179225.0,11972000000.0,12580000000.0,16724000000,107631000000,1583000000.0,31630000000.0,11116000000.0,3229000000.0,137000000.0,17594000000,45052000000.0,153126000000.0,5506000000.0,4340000000.0,163507000000.0,5214000000.0,147.70555114746094,148.0019073486328,146.7877655029297,109.54766845703124,4395815.0,922179225.0,107631000000,11.934773308301322,9846000000.0,-66595300000.0,0.46681155940813,0.5327125571826868,0.08177462577484232,28.069918699186992,0.13907175981500902,1.0,0.1168808242978324,0.09169900944215953,0.39967651853068653,0.052747716042546744,0.10894593628875447,4.372282608695652,1.0654152342990126,0.1870474425070961,0.10894593628875446,89878681.47884841,-1.644975973635245e-09,-0.010302281280385794,-0.023803376033085587,0.022312009130841134,0.005846474907265689,0.005703711014635335,0.030083879885253715
335,IBM,2018-12-31,79591000000,42655000000,19366000000.0,5379000000.0,3127000000.0,723000000.0,38227000000.0,2619000000,8728000000,892479411.0,11379000000.0,11997000000.0,15247000000,106452000000,1682000000.0,30563000000.0,10792000000.0,3395000000.0,192000000.0,16796000000,42656000000.0,159206000000.0,5666000000.0,4443000000.0,168071000000.0,7051000000.0,108.34607696533205,109.32122039794922,107.4760971069336,84.37944793701172,5212009.0,892479411.0,106452000000,15.942104461612056,10109000000.0,-66813200000.0,0.46407257101933636,0.5243123240199263,0.08465995235001084,24.301521438450898,0.1787639305951678,1.0,0.1126986810957051,0.09573136027319294,0.3840007035971404,0.0782795144269432,0.18893350041247786,4.1397515527950315,1.4135752731170292,0.19322709163346613,0.18893350041247783,119804054.74501625,-1.2629158300607023e-09,-0.0059551303891258916,-0.00951532355995773,0.016704680361530083,0.007540111873179864,0.006466611100928668,0.021143054346602737
336,IBM,2019-12-31,57714000000,26181000000,18724000000.0,5910000000.0,4209000000.0,1344000000.0,37701000000.0,60000000,9431000000,887110455.0,8172000000.0,8868000000.0,14770000000,131202000000,1619000000.0,23795000000.0,10010000000.0,2286000000.0,184000000.0,20841000000,65953000000.0,162954000000.0,5707000000.0,1361000000.0,169413000000.0,7522000000.0,126.70172119140624,128.2218017578125,126.5774383544922,104.27279663085938,3951265.0,887110455.0,131202000000,12.856347183959183,7068000000.0,-100302500000.0,0.5463665661711197,0.5937906320362795,0.13347921225382933,9.530505952380953,0.19761236441764563,1.0,0.06759043307266657,0.12639550316183934,0.4122916450081436,0.050982665039051904,0.12329531382449146,6.400718167701863,1.4183771823236238,0.17846826450152237,0.12329531382449146,67783738.69669701,-1.0395832270467772e-09,0.026518335587663217,0.019513534867545534,0.03040467015580173,0.023803892712834836,0.016632056723145442,0.022626044907420716
337,IBM,2020-12-31,55179000000,24314000000,20561000000.0,6262000000.0,4227000000.0,1288000000.0,39869000000.0,-1360000000,5590000000,892653424.0,13188000000.0,13812000000.0,18197000000,135244000000,1812000000.0,18738000000.0,6205000000.0,2618000000.0,172000000.0,20597000000,68416000000.0,162717000000.0,5797000000.0,0.0,169339000000.0,6956000000.0,118.75717163085938,120.4875717163086,118.53728485107422,103.0605239868164,3738822.0,892653424.0,135244000000,11.62377213936503,5797000000.0,-104122600000.0,0.5593613512386959,0.6661590798639235,0.13695123926777905,8.0,0.18804255242030482,1.0,0.10212652686995356,0.17585403726708074,0.3395857119556353,0.045660708012625645,0.11278588240878684,6.6397515527950315,1.4700861488525412,0.25407608695652173,0.11278588240878684,56248501.130671114,-9.897997551618611e-10,0.031762926739786514,0.003092873941712343,0.05304435471284784,0.027296535406430684,0.033089732185186044,0.025599506756711177
338,IBM,2021-12-31,57350000000,25865000000,18745000000.0,6488000000.0,3888000000.0,1155000000.0,33619000000.0,124000000,5743000000,898068600.0,6650000000.0,6650000000.0,12796000000,113005000000,1649000000.0,14977000000.0,5694000000.0,2062000000.0,159000000.0,18901000000,56193000000.0,154209000000.0,5869000000.0,0.0,169392000000.0,6728000000.0,134.0,134.99000549316406,133.61000061035156,120.2230224609375,3362100.0,898068600.0,113005000000,12.761831334488257,5869000000.0,-92251100000.0,0.5489973844812555,0.595362871208512,0.12348737494044783,11.030303030303031,0.19984306887532693,1.0,0.05884695367461617,0.1294348508634223,0.26115082824760244,0.05186594268759128,0.10615131006737742,6.70801002745613,1.046647656763283,0.1618524332810047,0.10615131006737742,48817604.813644886,-1.3032150560907946e-09,0.0008769394367119284,0.0007435681525604365,0.05129593216983782,0.02398711027957044,0.030220623665334363,0.05490065041120111
339,IBM,2022-12-31,60530000000,27842000000,18609000000.0,6567000000.0,2407000000.0,1216000000.0,31505000000.0,-626000000,1639000000,906091977.0,7886000000.0,7886000000.0,10435000000,105222000000,1552000000.0,14209000000.0,5334000000.0,1346000000.0,142000000.0,21944000000,47190000000.0,149825000000.0,5948000000.0,0.0,169484000000.0,4676000000.0,141.10000610351562,141.89999389648438,140.47999572753906,133.6342010498047,3338600.0,906091977.0,105222000000,14.887009644055153,5948000000.0,-83984000000.0,0.540029737320337,0.569291483113069,0.07363558492413118,11.578125,0.22284817445894597,1.0,0.0749463040048659,0.11023510192485261,0.23474310259375517,0.05960490531061304,0.11140119465754766,5.633281604392981,0.8689937359519965,0.09560338092194048,0.11140119465754766,44509563.81879527,-1.591186428960334e-09,-0.006443871306119638,0.011601874012880384,0.04601480920280087,0.02616509465613193,0.027019974483471317,0.06859666113710813
340,IBM,2023-12-31,61860000000,27560000000,19003000000.0,6775000000.0,2109000000.0,1607000000.0,34122000000.0,1176000000,7502000000,915013646.0,13068000000.0,13068000000.0,13931000000,112628000000,1161000000.0,7725000000.0,-472000000.0,1245000000.0,125000000.0,22533000000,54588000000.0,151276000000.0,6040000000.0,0.0,169624000000.0,6304000000.0,162.8300018310547,163.2899932861328,160.4600067138672,160.04092407226562,3825000.0,915013646.0,112628000000,13.676298768554103,6040000000.0,-92768900000.0,0.5544778532169414,0.5540233236151604,0.061486880466472306,9.518979464841319,0.20229550598124799,1.0,0.1160279859360017,0.07589723475191214,0.12487875848690591,0.04830398929742532,0.0854550100096813,6.516413990688791,0.7691087475923274,0.0813885075505001,0.0854550100096813,37740346.945714146,-1.7251570738929277e-09,0.0018268229118953243,0.0008174790353070172,0.03847750810573248,0.031772892743575455,0.0323311377108245,0.0973324303835156
341,HON,2009-12-31,29951000000,23055000000,4323000000.0,1321000000.0,686000000.0,459000000.0,11147000000.0,436000000,1548000000,755121951.0,2801000000.0,2801000000.0,3946000000,27132000000,3446000000.0,6274000000.0,4847000000.0,-609000000.0,262000000.0,8861000000,7264000000.0,14023000000.0,918000000.0,0.0,8995000000.0,1018000000.0,37.85830307006836,38.03944396972656,37.32441711425781,27.36504364013672,2923630.0,755121951.0,27132000000,2.222157623384994,918000000.0,-16357400000.0,0.2302427297919936,0.626885150812065,0.09947795823665893,5.605664488017429,0.056024840572935795,0.3,0.1032360312546071,1.3392926544889234,0.20947547661179927,0.03510758067423372,0.08120424190099673,-3.034252297410192,1.313011615767487,-0.23668869024485037,0.08120424190099672,33546447.506977685,-1.6729458006857276e-09,0.0,0.0,0.0,0.0,0.0,0.0
342,HON,2010-12-31,32350000000,24721000000,4618000000.0,1450000000.0,707000000.0,386000000.0,11724000000.0,765000000,2022000000,783000000.0,2650000000.0,2650000000.0,4203000000,27168000000,3822000000.0,6841000000.0,4724000000.0,651000000.0,413000000.0,10666000000,6278000000.0,15097000000.0,944000000.0,0.0,8299000000.0,523000000.0,50.47138214111328,50.88133239746094,50.26164245605469,38.16238784790039,1706369.0,783000000.0,27168000000,2.375478927203065,944000000.0,-15776400000.0,0.23582689335394127,0.6053217984008389,0.09267269629047058,7.800518134715026,0.05749613601236476,0.2,0.09754122497055359,1.2693457323148456,0.21146831530139104,0.03260346578823972,0.06224660093783305,-2.6223893065998327,0.909201964666155,0.2162072401195616,0.06224660093783305,24736397.621721063,-2.4189541243820132e-09,0.001861387853982562,0.0004904318131429877,0.010781676205613044,0.0034026309730941784,0.034973461087038915,0.0009964193447958847
343,HON,2011-12-31,36529000000,28556000000,5399000000.0,1799000000.0,699000000.0,376000000.0,12275000000.0,417000000,2067000000,774700000.0,3698000000.0,3698000000.0,2833000000,29002000000,4264000000.0,7228000000.0,4804000000.0,790000000.0,362000000.0,10806000000,6896000000.0,16083000000.0,1091000000.0,1085000000.0,8948000000.0,15000000.0,52.702266693115234,53.35055923461914,52.654598236083984,40.93330001831055,4836320.0,774700000.0,29002000000,2.298954433974442,2176000000.0,-16066800000.0,0.21826494018451092,0.6771604164053682,0.08767088925122288,6.845744680851064,0.0487557830764598,0.1,0.12750844769326253,1.6565656565656566,0.19787018533220183,0.02933472555442132,0.056163427648053266,-2.880534670008354,0.91457143663607,0.30691530691530694,0.056163427648053266,53159652.38636068,-2.547694626080523e-09,-0.003992596535827554,-0.0024230191654919984,0.030098666516214425,0.004838922536646094,0.16848804755010335,0.005995955399600599
344,HON,2012-12-31,37278000000,34454000000,5218000000.0,1847000000.0,660000000.0,351000000.0,13045000000.0,944000000,2926000000,782800000.0,4634000000.0,4634000000.0,3517000000,28878000000,4235000000.0,7429000000.0,5001000000.0,884000000.0,424000000.0,12975000000,7020000000.0,17799000000.0,1211000000.0,317000000.0,8801000000.0,625000000.0,59.79533767700195,60.56756591796875,59.30911636352539,47.98172378540039,4185470.0,782800000.0,28878000000,-4.712570260602964,1528000000.0,-14759100000.0,0.07575513707816943,1.8477337110481586,0.23371104815864022,-6.82051282051282,-0.09895917162937926,0.0,0.1604681764665143,-1.7690058479532165,0.19928644240570845,-0.055525374259976785,-0.09821594325539588,-2.9323308270676693,0.7688479287962381,-0.3692564745196324,-0.09821594325539588,31845458.63408374,-3.250992525655385e-09,-0.053357252091923955,-0.05215176921391467,0.5251460376280987,0.060955313387778695,1.3893148949589864,0.006009282193946446
345,HON,2013-12-31,38856000000,34810000000,5190000000.0,1804000000.0,670000000.0,327000000.0,14181000000.0,1450000000,3924000000,783800000.0,6422000000.0,6422000000.0,4335000000,27968000000,4293000000.0,7929000000.0,5278000000.0,947000000.0,143000000.0,17467000000,7433000000.0,20383000000.0,1353000000.0,1073000000.0,9374000000.0,632000000.0,86.6326904296875,87.29051208496094,86.49921417236328,70.54560089111328,1527739.0,783800000.0,27968000000,-3.7267159989793313,2426000000.0,-11857700000.0,0.10412806259007618,1.282748393475037,0.16559565002471577,-3.4984709480122325,-0.0751750051472102,0.0,0.2296195652173913,-3.7526223776223775,0.20406114885731932,-0.035082181069115356,-0.05282705019029458,-6.4973776223776225,0.5058086065464426,-0.8277972027972028,-0.05282705019029458,34389103.91796813,-5.9493494430718675e-09,-0.03804562586481158,-0.04131026274122334,0.4893858340907969,0.056515514980045436,2.1468576678962727,0.0053780683172128365
346,HON,2014-12-31,40091000000,35000000000,5518000000.0,1892000000.0,667000000.0,318000000.0,14773000000.0,1489000000,4239000000,782200000.0,6959000000.0,6959000000.0,10615000000,27794000000,4405000000.0,7960000000.0,5383000000.0,1094000000.0,919000000.0,17657000000,6985000000.0,23115000000.0,1510000000.0,924000000.0,9995000000.0,939000000.0,96.26171875,96.6240005493164,95.2130126953125,78.69255065917969,1828357.0,782200000.0,27794000000,-2.856047046791102,2434000000.0,-10268900000.0,0.126986106607468,1.0838735022588883,0.1310155175800432,-1.3427672955974843,-0.05572322965254047,0.1,0.2503777793768439,-10.31615925058548,0.1985483026115587,-0.025003549875744952,-0.03629374093058371,-16.35831381733021,0.45154352525722635,-2.5620608899297426,-0.03629374093058371,30930500.78579538,-7.663191837410013e-09,0.017076989843099525,0.014411980658946262,0.4508349096071317,0.053801629001748834,4.350789299117263,0.005097559458554468
347,HON,2015-12-31,38452000000,32158000000,5006000000.0,1856000000.0,672000000.0,310000000.0,18371000000.0,1739000000,4768000000,770400000.0,5455000000.0,5455000000.0,5519000000,31033000000,4420000000.0,8075000000.0,5789000000.0,1073000000.0,943000000.0,18283000000,6131000000.0,26147000000.0,1726000000.0,1884000000.0,11664000000.0,577000000.0,99.2171630859375,99.70338439941406,98.65467834472656,83.25814819335938,2181106.0,770400000.0,31033000000,-0.9877985462097612,3610000000.0,-14807200000.0,0.16368459377925726,0.7953606609469336,0.10676835081029552,4.15483870967742,-0.019790908145220016,0.2,0.1757806206296523,3.4316770186335406,0.21000208051596797,-0.007995790715842943,-0.01186428677125619,-17.36827195467422,0.4838165721056418,0.8330745341614907,-0.01186428677125619,43359119.537659034,-5.6228151300285926e-09,0.01985217706306036,0.018461365667330063,0.4140957867990232,0.05145419549899644,4.796765000116608,0.004573922956992242
348,HON,2016-12-31,39522000000,33487000000,5574000000.0,1864000000.0,726000000.0,338000000.0,16331000000.0,1603000000,4812000000,760800000.0,7843000000.0,9363000000.0,5498000000,34777000000,4366000000.0,8818000000.0,5793000000.0,1095000000.0,1004000000.0,19369000000,12409000000.0,28710000000.0,1915000000.0,2079000000.0,13366000000.0,227000000.0,111.78394317626952,112.042724609375,110.7583999633789,95.97136688232422,3155931.0,760800000.0,34777000000,-1.9453207150368033,3994000000.0,-14014000000.0,0.15269976215778552,0.9236122618061309,0.12029826014913007,1.363905325443787,-0.03744749759627549,0.3,0.2692296632832044,9.470715835140998,0.2231162390567279,-0.01373014492133164,-0.020269803153080735,-35.15297450424929,0.4762992866585734,2.3752711496746204,-0.02026980315308073,41616579.29596088,-6.848249385066663e-09,0.008571218516772505,0.00609191068542166,0.3685446458889266,0.045500383176469386,6.684044514438039,0.00903673186388324
349,HON,2017-12-31,40309000000,34575000000,6087000000.0,1835000000.0,717000000.0,316000000.0,18861000000.0,5362000000,1545000000,750900000.0,7059000000.0,10817000000.0,5966000000,42968000000,4613000000.0,8866000000.0,5926000000.0,1031000000.0,1078000000.0,16502000000,13924000000.0,27481000000.0,2119000000.0,2889000000.0,15914000000.0,1351000000.0,147.4286651611328,147.6011962890625,146.3647918701172,129.583740234375,2987743.0,750900000.0,42968000000,-8.031695298974563,5008000000.0,-20488500000.0,0.14225111017390657,1.0615626089989536,0.125043599581444,-1.1170886075949367,-0.1496191917437793,0.4,0.25174548501210203,-13.067988668555241,0.21995087945620084,-0.04299490624563285,-0.06198073372822724,-39.444759206798864,0.4415831813686732,-2.9206798866855523,-0.06198073372822724,38646823.983797275,-6.324706066055348e-09,-0.0071444945351168965,-0.04327609453285309,0.16380027909758824,0.019627296233483846,8.39315208472093,0.009284585558330519
350,HON,2018-12-31,42259000000,36367000000,6051000000.0,1809000000.0,721000000.0,367000000.0,18924000000.0,659000000,6765000000,729600000.0,9287000000.0,10910000000.0,6434000000,39593000000,4326000000.0,7508000000.0,5296000000.0,828000000.0,1179000000.0,18180000000,12628000000.0,33978000000.0,2272000000.0,4000000000.0,19771000000.0,2872000000.0,131.55999755859375,132.16000366210938,130.47000122070312,118.601318359375,2199900.0,729600000.0,39593000000,-1.6241776315789473,6272000000.0,-18275400000.0,0.13942592110556332,1.0269857433808554,0.1223693143245078,-0.4332425068119891,-0.02804136396980525,0.5,0.2755537595029424,-27.20754716981132,0.17766629593696018,-0.009395476647867372,-0.013694431512620384,-79.42138364779875,0.45755580327356865,-5.2075471698113205,-0.013694431512620382,52883054.64695723,-6.489670177362739e-09,-0.004424613684074069,0.00313537787549008,0.10668296613109436,0.008018972200513884,12.92145701937466,0.016503534871194072
351,HON,2019-12-31,36905000000,30835000000,5519000000.0,1556000000.0,673000000.0,30000000.0,18098000000.0,1329000000,6143000000,711100000.0,9067000000.0,10416000000.0,6897000000,40185000000,4421000000.0,7493000000.0,5325000000.0,839000000.0,980000000.0,18494000000,12486000000.0,37693000000.0,2442000000.0,4400000000.0,23836000000.0,1317000000.0,176.4600067138672,177.0800018310547,175.4600067138672,162.12220764160156,1728900.0,711100000.0,40185000000,-1.1362677541836592,6842000000.0,-19519100000.0,0.16447635821704376,0.9092257001647447,0.11087314662273476,18.366666666666667,-0.021894052296436796,0.6,0.25920119447555057,8.023593466424682,0.20303481913019916,-0.005197140738732386,-0.007008711333955989,-231.22222222222223,0.34857062494433344,1.5226860254083485,-0.0070087113339559895,42202731.50440557,-8.305823918193029e-09,0.007408416014379064,0.042575046482447504,0.09425926916436132,0.007022928912715717,14.156206096496723,0.01620097130020767
352,HON,2020-12-31,32678000000,27960000000,4772000000.0,1334000000.0,644000000.0,27000000.0,19197000000.0,1147000000,4779000000,696800000.0,14275000000.0,15220000000.0,6208000000,47037000000,4489000000.0,6827000000.0,5570000000.0,906000000.0,1051000000.0,17549000000,18787000000.0,39905000000.0,2592000000.0,3714000000.0,27229000000.0,2385000000.0,211.0,213.0,209.6699981689453,199.3661499023437,1406400.0,696800000.0,47037000000,-1.762342135476464,6306000000.0,-21945900000.0,0.14437848093518577,1.0114455277660026,0.13649851632047477,-2.0,-0.03757879919211702,0.7,0.32357505793311647,-83.12962962962963,0.20891731440112615,-0.006603736384028137,-0.008839725983271075,-347.9074074074074,0.3385946181393498,-16.77777777777778,-0.008839725983271077,31630244.16677,-9.084437179716652e-09,0.0016508532765408164,-0.0031791450741039235,0.059702484116971474,0.008260055752674843,33.85914615864248,0.016163242560168385
353,HON,2021-12-31,34343000000,29075000000,4798000000.0,1333000000.0,674000000.0,24000000.0,19508000000.0,1625000000,5542000000,684800000.0,10959000000.0,11523000000.0,6038000000,45901000000,5138000000.0,6830000000.0,5562000000.0,895000000.0,1222000000.0,18569000000,16057000000.0,42827000000.0,2626000000.0,3380000000.0,30462000000.0,1746000000.0,206.8600006103516,209.19000244140625,206.3800048828125,198.77847290039065,1536500.0,684800000.0,45901000000,-1.7216705607476634,6006000000.0,-24010600000.0,0.15339370468508867,0.9107820804859529,0.12794229309035687,19.583333333333332,-0.03433014005765367,0.8,0.2510402823467898,10.931914893617021,0.19887604460879946,-0.006477150116526157,-0.008661252577437826,55.1786941580756,0.33720114890328556,1.9042553191489362,-0.008661252577437824,30214539.39335599,-8.278779909722817e-09,-0.0036942178439850295,-0.004145362587072291,0.06256044932119689,0.00832261901731547,34.12769231741366,0.013946748925780697
354,HON,2022-12-31,35397000000,29892000000,5214000000.0,1478000000.0,657000000.0,21000000.0,19938000000.0,1412000000,4966000000,667600000.0,9627000000.0,10110000000.0,5274000000,45578000000,5538000000.0,7440000000.0,5471000000.0,766000000.0,945000000.0,16697000000,16853000000.0,45093000000.0,2719000000.0,4200000000.0,34443000000.0,1653000000.0,215.1499938964844,215.1499938964844,212.22000122070312,208.5241851806641,2219300.0,667600000.0,45578000000,-1.7106051527860995,6919000000.0,-24707800000.0,0.1555216543774896,0.9471389645776567,0.11934604904632153,13.857142857142858,-0.032262621126084134,0.9,0.22181754355171354,19.030927835051546,0.2101873040088143,-0.0061800300318913415,-0.008203389699396458,57.914089347079035,0.32740288591864425,2.6323024054982818,-0.00820338969939646,33180803.43536852,-8.439609563808356e-09,0.0037143911474346127,0.001772059355344295,0.049584974835646174,0.008562969942992325,37.81513200235076,0.011766221630952273
355,HON,2023-12-31,36634000000,28874000000,5127000000.0,1456000000.0,659000000.0,19000000.0,18539000000.0,1487000000,5658000000,651800000.0,7925000000.0,8095000000.0,5340000000,45669000000,6178000000.0,7530000000.0,5462000000.0,1039000000.0,939000000.0,15856000000,18358000000.0,47979000000.0,2855000000.0,3715000000.0,38008000000.0,1710000000.0,208.8600006103516,210.6100006103516,208.32000732421875,207.85752868652344,3132700.0,651800000.0,45669000000,1.729057993249463,6570000000.0,-26429600000.0,0.21182508052628707,0.6606958762886598,0.08492268041237114,138.57894736842104,0.030763771359938855,1.0,0.17725371696336684,2.3463729586023545,0.20554675984058524,0.006221345061587895,0.008318476622788633,6.972274971515382,0.3370865207507845,0.3946069122673756,0.008318476622788633,31608188.750807416,-7.864573383120572e-09,0.019477125280399465,0.02169797047253084,0.11947621713578643,0.01769775786839151,37.67170887939402,0.004084827212945166
356,AXP,2009-12-31,24523000000,20635000000,5080000000.0,0.0,0.0,2207000000.0,2344000000.0,704000000,2130000000,1192000000.0,4064000000.0,15542000000.0,6337000000,110739000000,0.0,0.0,2782000000.0,772000000.0,0.0,12637000000,77300000000.0,3737000000.0,924000000.0,0.0,0.0,0.0,40.900001525878906,41.08000183105469,40.4900016784668,32.868492126464844,4030500.0,1192000000.0,110739000000,-3.4421140939597317,924000000.0,-94640600000.0,0.15854503935081352,1.3065843621399178,0.0,-0.5400996828273674,-0.16731231904742486,0.1,0.14034802553752518,-0.0,0.0,-0.027368250377265462,-0.10472382124241811,-52.47793618465716,2.826471177324918,-0.6476510067114094,-0.10472382124241812,28112028.883004937,-3.472980108586045e-10,0.0,0.0,0.0,0.0,0.0,0.0
357,AXP,2010-12-31,27819000000,21175000000,5816000000.0,0.0,0.0,2423000000.0,3414000000.0,1907000000,4057000000,1197000000.0,654000000.0,654000000.0,8935000000,130459000000,0.0,0.0,2905000000.0,887000000.0,0.0,18794000000,66416000000.0,4972000000.0,867000000.0,590000000.0,0.0,0.0,42.5099983215332,42.970001220703125,42.400001525878906,35.444454193115234,3464000.0,1197000000.0,130459000000,-2.9256474519632416,1457000000.0,-129224000000.0,0.2388295769078687,0.8753762793497892,0.0,0.3417251341312423,-0.125885186383407,0.1,0.005013069240144413,0.0,0.0,-0.02025612116439794,-0.08254175493924017,-45.088934147997286,3.0749042854421282,1.071256038647343,-0.08254175493924018,41106571.76611311,-2.742869296192289e-10,0.0267615125190184,0.013809044221339281,0.21560404139506428,0.0,0.0,0.0
358,AXP,2011-12-31,28866000000,22147000000,6532000000.0,0.0,0.0,2320000000.0,3587000000.0,2057000000,4935000000,1164000000.0,24893000000.0,24893000000.0,10475000000,134543000000,0.0,0.0,3367000000.0,1189000000.0,61166000000.0,18794000000,59570000000.0,7221000000.0,861000000.0,2300000000.0,0.0,0.0,48.29999923706055,48.959999084472656,48.13999938964844,40.600059509277344,6955400.0,1164000000.0,134543000000,-3.5996563573883162,3161000000.0,-47810600000.0,0.2327651908820065,0.9721684774520017,0.0,0.08060344827586206,-0.14515346774752302,0.1,0.18501891588562763,0.0,0.0,-0.02304711846858048,-0.08866135668017369,-37.82222222222222,2.846960599479859,6.358288770053476,-0.08866135668017369,77857028.73853408,-8.491853168393065e-10,0.024740050510397665,0.007386283766633944,0.1847349826128103,0.0,0.0,0.0
359,AXP,2012-12-31,29719000000,24290000000,6902000000.0,0.0,0.0,2226000000.0,3469000000.0,1969000000,4482000000,1105000000.0,22250000000.0,22250000000.0,7082000000,134254000000,0.0,0.0,3635000000.0,1053000000.0,64309000000.0,18886000000,58973000000.0,7525000000.0,902000000.0,3952000000.0,0.0,0.0,56.470001220703125,57.4900016784668,56.2400016784668,48.9104118347168,5604600.0,1105000000.0,134254000000,-5.129411764705883,4854000000.0,-46968000000.0,0.18267774824186547,1.2713206852090624,0.0,-0.6617250673854448,-0.19071974157946095,0.1,0.16573062999985103,-0.0,0.0,-0.03010090200301021,-0.10487361631792694,-37.443174603174604,2.4840688929334798,-0.714867617107943,-0.10487361631792695,99242672.83626944,-1.0413560687003236e-09,-0.01871727622200108,-0.021611518398684647,0.18618718186553185,0.0,0.0,0.0
360,AXP,2013-12-31,30864000000,24205000000,6472000000.0,0.0,0.0,1958000000.0,5165000000.0,2529000000,5359000000,1064000000.0,19486000000.0,19486000000.0,8547000000,133879000000,0.0,0.0,3875000000.0,1006000000.0,66585000000.0,19496000000,55330000000.0,8507000000.0,939000000.0,3943000000.0,0.0,0.0,89.87000274658203,90.79000091552734,89.5199966430664,78.17634582519531,3083500.0,1064000000.0,133879000000,-4.041353383458647,4882000000.0,-47033000000.0,0.21575298081907723,0.9719177053611653,0.0,0.09550561797752809,-0.1393208916537066,0.1,0.1455493393287969,0.0,0.0,-0.019810315587135363,-0.051695347752570016,-35.13015873015873,1.6095166190154235,5.379679144385027,-0.051695347752570016,62448557.14945158,-1.6621594587884106e-09,-0.005670736687643091,0.0019441920312721443,0.1749988448396934,0.0,0.0,0.0
361,AXP,2014-12-31,32248000000,25301000000,8522000000.0,0.0,0.0,1707000000.0,5738000000.0,3106000000,5885000000,1023000000.0,22288000000.0,22288000000.0,20468000000,138430000000,0.0,0.0,3938000000.0,1195000000.0,70104000000.0,20673000000,57955000000.0,9513000000.0,1041000000.0,4389000000.0,0.0,62082000000.0,94.6500015258789,94.75,93.0,81.03971099853516,2306200.0,1023000000.0,138430000000,-6.244379276637341,5430000000.0,-45250400000.0,0.21542421235425452,1.2267165683028645,0.0,-0.9226713532513181,-0.19808980401885387,0.1,0.16100556237809724,-0.0,0.0,-0.028861407834966695,-0.07705332607553612,-36.7968253968254,1.669770182942465,-0.7587301587301587,-0.07705332607553612,67004187.61486144,-1.7909170084360614e-09,0.010915488037463015,-0.0024566874797976404,0.15617194584357336,0.0,0.0,0.0
362,AXP,2015-12-31,34441000000,24880000000,7362000000.0,0.0,0.0,1623000000.0,6909000000.0,2775000000,5163000000,969000000.0,22762000000.0,22762000000.0,18824000000,140511000000,14992000000.0,0.0,4108000000.0,1341000000.0,58799000000.0,20673000000,48061000000.0,9665000000.0,1172000000.0,4500000000.0,0.0,53282000000.0,70.01000213623047,70.31999969482422,69.52999877929688,61.42042922973633,3531300.0,969000000.0,140511000000,-2.2693498452012384,5672000000.0,-50632400000.0,0.277605179872826,0.7700031377470976,0.0,1.354898336414048,-0.06384832031590255,0.2,0.1619944345994264,6.817644383810823,0.0,-0.010993494115374794,-0.03694780179267367,-828.6379310344828,2.3608788438792043,0.6098226466575716,-0.03694780179267367,92347124.09424087,-1.213065729251158e-09,0.020617399684582927,0.025157523779268012,0.18464969290281757,0.0,2.727057753524329,0.0
363,AXP,2016-12-31,37143000000,24023000000,7568000000.0,0.0,0.0,1705000000.0,7636000000.0,2667000000,5375000000,904000000.0,25208000000.0,25208000000.0,13459000000,138392000000,0.0,0.0,4433000000.0,1375000000.0,3981000000.0,20523000000,46990000000.0,10371000000.0,1207000000.0,4400000000.0,0.0,7836000000.0,74.88999938964844,75.75,74.73999786376953,67.83499908447266,5853900.0,904000000.0,138392000000,1.3053097345132743,5607000000.0,-108316400000.0,0.35322941065611285,0.5768292682926829,0.0,3.2563049853372434,0.03176910858035161,0.3,0.1821492571824961,0.0,0.0,0.0059084242557539985,0.019242422821998062,-810.1724137931035,2.2567774399847083,0.2476585014409222,0.019242422821998062,82656446.9031361,-6.262671126853612e-10,0.04593506610061945,0.0766196375330685,0.26497644526496983,0.0,2.727057753524329,0.0
364,AXP,2017-12-31,38990000000,26057000000,12991000000.0,0.0,0.0,2112000000.0,6257000000.0,4677000000,2748000000,859000000.0,32927000000.0,32997000000.0,13540000000,162935000000,0.0,0.0,4329000000.0,1062000000.0,4182000000.0,18261000000,55804000000.0,8307000000.0,1251000000.0,4300000000.0,-217000000.0,6115000000.0,99.7300033569336,99.7300033569336,98.22000122070312,90.50651550292967,2746700.0,859000000.0,162935000000,-7.970896391152503,5551000000.0,-124890200000.0,0.33170043600923316,1.00448465166628,0.0,-0.027462121212121212,-0.17560913054629393,0.3,0.20251634087212692,-0.0,0.0,-0.02844855096267313,-0.08806986267076526,-11.388571428571428,2.095759175443426,-18.310344827586206,-0.08806986267076526,61332600.9641849,-7.246886905692334e-10,0.018031752045469047,-0.03725360341013046,0.22075887013144158,0.0,2.727057753524329,0.0
365,AXP,2018-12-31,43281000000,32216000000,11058000000.0,0.0,0.0,2943000000.0,5264000000.0,1201000000,6921000000,847000000.0,27445000000.0,27611000000.0,8930000000,166312000000,0.0,0.0,4416000000.0,1310000000.0,5690000000.0,22290000000,58423000000.0,12499000000.0,1324000000.0,1600000000.0,-207000000.0,4128000000.0,95.12999725341795,95.61000061035156,94.3000030517578,88.46465301513672,2821100.0,847000000.0,166312000000,-4.884297520661157,2924000000.0,-132127800000.0,0.25565490630992815,0.9993673746046091,0.0,0.002378525314305131,-0.09558466763706938,0.3,0.1660192890470922,0.0,0.0,-0.017148786390996696,-0.05521185416084129,-11.923061224489796,2.219577928256668,187.14285714285714,-0.05521185416084129,33052749.322372742,-6.695385302346419e-10,-0.032524834782061564,-0.04245125873914033,0.22256457787432593,0.0,2.727057753524329,0.0
366,AXP,2019-12-31,47020000000,35127000000,11804000000.0,0.0,0.0,3464000000.0,8871000000.0,1670000000,6759000000,810000000.0,23932000000.0,24155000000.0,13632000000,175250000000,80726000000.0,0.0,4834000000.0,1645000000.0,84998000000.0,23071000000,57835000000.0,13871000000.0,1422000000.0,0.0,-292000000.0,6442000000.0,124.29000091552734,124.56999969482422,123.77999877929688,117.23104858398438,2340400.0,810000000.0,175250000000,-6.228395061728395,1422000000.0,-24767200000.0,0.25293492131008083,0.9925166064071302,0.0,0.02569284064665127,-0.1072947681837516,0.3,0.13783166904422253,907.0337078651686,0.0,-0.018670860530816954,-0.05312922759763912,-11.803061224489795,1.8455693035651646,18.48314606741573,-0.05312922759763912,12129892.35510658,-4.733318606220501e-09,-0.02625517156638411,0.022771454120847443,0.17074634005256797,0.0,362.1413449682658,0.0
367,AXP,2020-12-31,38185000000,31791000000,11294000000.0,0.0,0.0,2098000000.0,4214000000.0,1161000000,3135000000,805000000.0,32359000000.0,32516000000.0,5591000000,168383000000,76399000000.0,0.0,5015000000.0,1478000000.0,22000000000.0,22984000000,42952000000.0,13837000000.0,1474000000.0,1029000000.0,-279000000.0,2000000000.0,119.70999908447266,121.05999755859376,119.16000366210938,115.89244079589844,1747800.0,805000000.0,168383000000,-10.135403726708075,2503000000.0,-74664500000.0,0.1674479507660076,1.766343446981545,0.0,-2.3355576739752144,-0.21367028938064686,0.3,0.19310738019871365,-15.591632653061225,0.0,-0.031179730144831684,-0.08745526159517021,-8.765714285714285,1.8048755133202041,-0.3016326530612245,-0.08745526159517023,21597612.25849153,-1.5521759443363103e-09,-0.029402318514640185,-0.03936187391452583,0.3855838676621575,0.0,364.4226808311279,0.0
368,AXP,2021-12-31,43663000000,31691000000,11498000000.0,0.0,0.0,1283000000.0,4771000000.0,2629000000,8060000000,761000000.0,21503000000.0,21691000000.0,14645000000,166371000000,75609000000.0,0.0,4988000000.0,1550000000.0,3000000000.0,22177000000,38675000000.0,13474000000.0,1448000000.0,7652000000.0,-271000000.0,2000000000.0,164.10000610351562,165.1699981689453,163.25,158.638916015625,1743600.0,761000000.0,166371000000,-4.517739816031537,9100000000.0,-102877900000.0,0.274190962599913,0.9604076177748079,0.0,0.36944660950896335,-0.07873943613585874,0.3,0.13037728931123813,159.5126582278481,0.0,-0.011975121211781601,-0.028478130899397765,-56.213662790697676,1.3781079452774012,3.270042194092827,-0.028478130899397765,57362973.90675377,-1.542011608087111e-09,0.007085347096610721,0.009518444015964286,0.31123814984459436,0.0,354.25876531128165,0.0
369,AXP,2022-12-31,55625000000,43277000000,13036000000.0,0.0,0.0,2763000000.0,3878000000.0,2071000000,7514000000,743000000.0,33370000000.0,33677000000.0,21079000000,203643000000,36674000000.0,0.0,5215000000.0,1855000000.0,5000000000.0,24711000000,42573000000.0,16279000000.0,1565000000.0,3502000000.0,0.0,1000000000.0,149.5399932861328,150.4499969482422,145.72999572753906,144.5089569091797,2762200.0,743000000.0,203643000000,-7.4320323014804845,5067000000.0,-145586000000.0,0.2219865168539326,1.0557175251052802,0.0,-0.24900470503076366,-0.09927191011235956,0.3,0.1653727356206695,-53.30523255813954,0.0,-0.01775487599645935,-0.05142956160254712,-61.87936046511628,1.8966443704142528,-2.696220930232558,-0.05142956160254712,35063570.51061191,-9.926020146798435e-10,0.018179522029308327,0.0381327930894291,0.30727391645129787,0.0,361.1587121594794,0.0
370,AXP,2023-12-31,67364000000,50002000000,13513000000.0,0.0,0.0,6849000000.0,3860000000.0,2139000000,8374000000,723000000.0,46082000000.0,46248000000.0,18559000000,233051000000,110506000000.0,0.0,5138000000.0,1563000000.0,2186000000.0,28057000000,47866000000.0,19612000000.0,1780000000.0,3650000000.0,0.0,1293000000.0,186.4900054931641,188.7400054931641,186.07000732421875,187.70358276367188,2236600.0,723000000.0,233051000000,-7.1078838174273855,5430000000.0,-128336400000.0,0.2577341013003978,0.7783089505817302,0.0,0.5619798510731494,-0.07628703758684163,0.3,0.1984458337445452,28.71031436736815,0.0,-0.013935867175234429,-0.037867598011576395,18.60318694131364,1.7172760428480034,0.4060795011691348,-0.03786759801157639,28928590.06765278,-1.4625903700249647e-09,-0.005485620433171727,0.0008174661830057014,0.3405672673789177,0.0,358.1564937970051,0.0
371,GS,2009-12-31,42875000000,25344000000,17244000000.0,0.0,0.0,3000000000.0,128360000000.0,6444000000,13385000000,515113890.0,38290000000.0,38290000000.0,48875000000,778228000000,342402000000.0,0.0,11380000000.0,1556000000.0,1484000000.0,70714000000,196288000000.0,50252000000.0,2205000000.0,2000000.0,32156000000.0,17928000000.0,167.2899932861328,170.1300048828125,166.92999267578125,132.25489807128906,6401800.0,515113890.0,778228000000,-17.776651295502827,2207000000.0,-564977000000.0,0.4088862973760933,0.9836290000570418,0.0,0.09566666666666666,-0.21357434402332362,0.1,0.04920151934908536,1193.0383275261324,0.0,-0.010819345540205066,-0.1344120448826078,-29.917390641670476,11.423306417484122,5.421602787456446,-0.1344120448826078,16687472.692394089,-2.34088994899419e-10,0.0,0.0,0.0,0.0,0.0,0.0
372,GS,2010-12-31,36880000000,26269000000,17172000000.0,0.0,0.0,3459000000.0,193699000000.0,4538000000,8354000000,507530772.0,39788000000.0,39790000000.0,-6157000000,833976000000,356953000000.0,0.0,11106000000.0,1227000000.0,1445000000.0,77356000000,424583000000.0,57163000000.0,1443000000.0,4183000000.0,36295000000.0,25396000000.0,167.5800018310547,168.8000030517578,167.00999450683594,132.97225952148438,1636300.0,507530772.0,833976000000,-28.683975047723806,5626000000.0,-612043300000.0,0.2877169197396963,1.618320610687023,0.0,-1.8967909800520382,-0.39473969631236444,0.2,0.04771120511861253,-54.40527358634355,0.0,-0.01614929476513219,-0.21571397786986785,-64.7131534827008,12.357485946421274,-0.18701417466849565,-0.21571397786986785,42309576.60075713,-2.1725956238959625e-10,-0.04038979254546565,-0.06038845076301361,0.31734580531499057,0.0,623.721800556238,0.0
373,GS,2011-12-31,36793000000,22642000000,14166000000.0,0.0,0.0,7982000000.0,107059000000.0,1727000000,4442000000,485467565.0,56008000000.0,56000000000.0,21645000000,852846000000,364206000000.0,0.0,8697000000.0,1184000000.0,664000000.0,70379000000,416179000000.0,58834000000.0,2771000000.0,6048000000.0,42281000000.0,28836000000.0,92.97000122070312,96.43000030517578,92.83000183105467,76.2837905883789,8645200.0,485467565.0,852846000000,-20.03017441546275,8819000000.0,-612339600000.0,0.3846112032180034,1.001059995760017,0.0,-0.0018792282635930844,-0.264289402875547,0.3,0.0656624994430413,-24280.4,0.0,-0.010927324563809755,-0.2625744507577492,-27745.266666666666,23.029161870726387,-78.93333333333334,-0.2625744507577492,115607784.1960765,-1.2457758829966068e-10,-0.008091698052696624,-0.016905019617407785,0.29517376181108085,0.0,11725.333429272117,0.0
374,GS,2012-12-31,41664000000,22956000000,14609000000.0,0.0,0.0,7501000000.0,203556000000.0,3732000000,7475000000,465148387.0,72669000000.0,72670000000.0,12879000000,862839000000,407011000000.0,0.0,-9050000000.0,961000000.0,453000000.0,75716000000,399470000000.0,65223000000.0,1086000000.0,4640000000.0,46850000000.0,25344000000.0,125.41999816894533,127.68000030517578,124.79000091552734,103.72978973388672,3623000.0,465148387.0,862839000000,-15.337041252601399,5726000000.0,-588020500000.0,0.44902073732718895,0.7808958734231345,0.0,0.546460471937075,-0.1712269585253456,0.4,0.08422196956790316,99.29519394974383,0.0,-0.007830192222236203,-0.14785570559766645,-238.91746411483254,17.882768315417007,0.23444742620151257,-0.14785570559766645,55201114.49844591,-1.764050568541177e-10,0.05376793919583087,0.07450424592900627,0.3137476194069013,0.0,10703.21339561839,0.0
375,GS,2013-12-31,40874000000,22469000000,14254000000.0,0.0,0.0,6668000000.0,214536000000.0,3697000000,8040000000,446359012.0,78867000000.0,61133000000.0,4543000000,833040000000,339121000000.0,0.0,9196000000.0,706000000.0,417000000.0,78467000000,218303000000.0,71961000000.0,1302000000.0,6175000000.0,53015000000.0,25312000000.0,176.22000122070312,177.44000244140625,176.22000122070312,146.04493713378906,1663900.0,446359012.0,833040000000,-13.921529156893106,7477000000.0,-600090300000.0,0.45028624553505897,0.7744634610160283,0.0,0.6225254949010198,-0.15202818417575964,0.5,0.07338543167194853,81.69621777884846,0.0,-0.006918061696918498,-0.0953235999145924,-130.563995215311,12.778946197755399,0.17007949891592386,-0.0953235999145924,51196571.04683101,-2.43371601130345e-10,0.021891680772351856,0.03742040623326245,0.30868971969902054,0.0,9854.35148271756,0.0
376,GS,2014-12-31,40085000000,22171000000,16057000000.0,0.0,0.0,5557000000.0,123904000000.0,3880000000,8477000000,430259102.0,75025000000.0,57600000000.0,20940000000,773045000000,312248000000.0,0.0,-8980000000.0,678000000.0,360000000.0,82797000000,221431000000.0,78984000000.0,1454000000.0,5469000000.0,58468000000.0,25126000000.0,196.6499938964844,196.8300018310547,193.7700042724609,161.7963104248047,1566800.0,430259102.0,773045000000,-17.617291452442068,6923000000.0,-560757000000.0,0.4469003367843333,0.8963380596181757,0.0,0.33417311499010255,-0.18909816639640764,0.6,0.07451053948993913,168.14647280560044,0.0,-0.008995331426463658,-0.10888561924673651,-132.43480861244018,11.104681204563777,0.3651050080775444,-0.10888561924673651,42788367.55809388,-2.88531949533942e-10,-0.0007068001809518906,-0.00595706929035401,0.31334652745605746,0.0,9741.900667919008,0.0
377,GS,2015-12-31,39208000000,24855000000,16025000000.0,0.0,0.0,5388000000.0,86007000000.0,2695000000,6083000000,419480736.0,93439000000.0,75110000000.0,-32953000000,774667000000,293940000000.0,0.0,-7770000000.0,1833000000.0,258000000.0,86728000000,60311000000.0,83386000000.0,1681000000.0,4135000000.0,62640000000.0,25373000000.0,181.16000366210932,182.88999938964844,180.02999877929688,152.428955078125,1773900.0,419480736.0,774667000000,-23.254941557077846,5816000000.0,-553883000000.0,0.36607325035707,1.1164913258552218,0.0,-0.3103192279138827,-0.2488012650479494,0.6,0.09695778960508193,-175.80143540669857,0.0,-0.011632371597464728,-0.1525624940823015,-36.071172248803826,12.115338759944054,-1.0962918660287082,-0.1525624940823015,38155480.34833082,-2.7520063818193554e-10,-0.02807099839266299,-0.03225769362406325,0.13121064391594037,0.0,9730.194599692113,0.0
378,GS,2016-12-31,37894000000,20166000000,14827000000.0,0.0,0.0,7104000000.0,106905000000.0,2906000000,7398000000,392632230.0,121711000000.0,121711000000.0,6494000000,773272000000,295952000000.0,0.0,-7680000000.0,2876000000.0,219000000.0,86893000000,242241000000.0,89039000000.0,1706000000.0,6078000000.0,68694000000.0,23528000000.0,242.6999969482422,244.97000122070312,237.97000122070312,207.48269653320312,4384200.0,392632230.0,773272000000,-18.106002148626462,7784000000.0,-504902000000.0,0.4678313189423128,0.836360559566787,0.0,0.4083614864864865,-0.18760225893281257,0.6,0.15739739703493724,102.01723543605654,0.0,-0.008317184165022407,-0.0872651187359568,83.50258531540848,9.492146982021492,0.9913822819717338,-0.0872651187359568,37516381.51065932,-4.1093657092505697e-10,0.006976994052659835,0.0004986358211983566,0.12574174321576287,0.0,119.1274733672947,0.0
379,GS,2017-12-31,42911000000,20367000000,15309000000.0,0.0,0.0,10181000000.0,133460000000.0,6846000000,4286000000,374808805.0,110051000000.0,110051000000.0,-20489000000,834533000000,315988000000.0,0.0,-8280000000.0,3185000000.0,275000000.0,82243000000,276982000000.0,91519000000.0,1769000000.0,6772000000.0,75392000000.0,30090000000.0,257.7699890136719,257.9100036621094,253.9199981689453,222.3592987060547,2258300.0,374808805.0,834533000000,-26.125320081527967,8541000000.0,-567869000000.0,0.5253664561534338,0.6790720369056068,0.0,0.7106374619389058,-0.2281932371652956,0.6,0.13187135799303323,43.67491361437457,0.0,-0.010668116705111573,-0.11749146643992628,38.28362128541811,10.013327814798917,0.4402211472011057,-0.11749146643992628,38410806.51765626,-3.9156794737176124e-10,0.0530977352654546,0.0068693426275512615,0.14677671455837543,0.0,117.05734801872708,0.0
380,GS,2018-12-31,52528000000,24135000000,4078000000.0,0.0,0.0,15912000000.0,120125000000.0,2022000000,10459000000,367741973.0,130547000000.0,130547000000.0,16564000000,841611000000,0.0,0.0,-9080000000.0,7982000000.0,90220000000.0,90185000000,280631000000.0,100100000000.0,1810000000.0,3294000000.0,78670000000.0,27476000000.0,163.77999877929688,167.1199951171875,163.77999877929688,147.2866973876953,4550000.0,367741973.0,841611000000,17.351840335071024,5104000000.0,-622660000000.0,0.5405307645446238,0.14362695030465256,0.0,1.5280920060331824,0.1214780688394761,0.6,0.15511560566580046,0.0,0.0,0.007123444566747875,0.11780996276531787,16.125438142848935,15.53834204245133,0.32827472753444376,0.11780996276531787,34653502.93356772,-2.3654433782111475e-10,0.02423314853410367,0.10302677592409622,0.327013042380019,0.0,116.34736133208129,0.0
381,GS,2019-12-31,53922000000,25963000000,4251000000.0,0.0,0.0,17376000000.0,165214000000.0,2117000000,8466000000,347343184.0,133546000000.0,172279000000.0,23868000000,902703000000,-665260000000.0,0.0,-9950000000.0,8443000000.0,95680000000.0,90265000000,267973000000.0,106465000000.0,2104000000.0,5335000000.0,84006000000.0,30636000000.0,229.7100067138672,229.97000122070312,228.6699981689453,206.90689086914065,1447200.0,347343184.0,902703000000,12.134972540586833,7439000000.0,-969364000000.0,0.5185082155706391,0.1520440645230516,0.0,1.3644106813996317,0.07816846556136642,0.5,0.190847931157867,-28.060570271638266,0.0,0.0043249812532835195,0.058649436418536975,15.398092282939723,12.5606221122948,0.35612451493166863,0.058649436418536975,35953369.98565618,-2.1344602323703032e-10,-0.0022860801942649056,0.102120567575554,0.38386830367066327,0.0,93.09329541512837,0.0
382,GS,2020-12-31,53498000000,32081000000,4014000000.0,0.0,0.0,8938000000.0,182239000000.0,3020000000,9459000000,344088725.0,155842000000.0,175623000000.0,-18535000000,1067096000000,-777886000000.0,0.0,-10120000000.0,6309000000.0,103800000000.0,95932000000,271891000000.0,112947000000.0,2336000000.0,1928000000.0,85940000000.0,25914000000.0,258.79998779296875,263.92999267578125,258.0,243.0198211669922,2043100.0,344088725.0,1067096000000,15.824406917140339,4264000000.0,-1178640000000.0,0.4003327227186063,0.1874212074520241,0.0,1.947079883642873,0.10177950577591685,0.4,0.16458031892163405,-44.69838533586163,0.0,0.004731834961831271,0.06511570472379916,15.6232258805953,12.76119523378277,0.36252370280986035,0.06511570472379916,17545893.909081485,-2.0618663982810035e-10,-0.04673268060867249,-0.006566187687853081,0.2968805598504685,0.0,52.9839702545681,0.0
383,GS,2021-12-31,64989000000,32295000000,4755000000.0,0.0,0.0,5650000000.0,239270000000.0,5409000000,21635000000,333573254.0,261036000000.0,279973000000.0,6298000000,1354062000000,-932417000000.0,0.0,-10810000000.0,4667000000.0,118900000000.0,109926000000,298476000000.0,131811000000.0,2725000000.0,5200000000.0,91136000000.0,18118000000.0,385.0,387.0,380.8399963378906,358.7245788574219,1601300.0,333573254.0,1354062000000,50.603577467874565,7925000000.0,-1423559500000.0,0.5030697502654295,0.1454395301890255,0.0,4.9449557522123895,0.25973626305990244,0.3,0.2067652736728451,-33.373313289666775,0.0,0.011453984811508142,0.14106526413398449,-250.3993288590604,11.315824270366784,0.16704248541465336,0.14106526413398449,22092157.79203649,-2.5199127880318447e-10,-0.005146155101736512,0.06052259916617867,0.2093794458225432,0.0,31.70625531018088,0.0
384,GS,2022-12-31,68711000000,33879000000,5533000000.0,0.0,0.0,21346000000.0,183654000000.0,2225000000,11261000000,334918639.0,241825000000.0,256717000000.0,8708000000,1324610000000,-1190082000000.0,0.0,17074000000.0,3748000000.0,134590000000.0,117189000000,247138000000.0,139372000000.0,3682000000.0,3500000000.0,94631000000.0,38635000000.0,345.5,348.6000061035156,342.8099975585937,333.2226867675781,1589700.0,334918639.0,1324610000000,17.10266116302951,7182000000.0,-1524929200000.0,0.5069348430382326,0.1588481855764814,0.0,1.372575658202942,0.08336365356347601,0.3,0.19380572394893592,-40.618519403392604,0.0,0.0039882677841359595,0.05132502030078932,-207.33053691275168,11.869000548294089,0.12792245469128638,0.05132502030078932,21553154.34752924,-2.185168247598499e-10,0.03553404010654208,-0.006138617404146947,0.015904571975383235,0.0,15.759597968791189,0.0
385,GS,2023-12-31,108418000000,35515000000,5224000000.0,0.0,0.0,62164000000.0,185789000000.0,2223000000,8516000000,323376354.0,241577000000.0,255324000000.0,-12587000000,1524689000000,-390577000000.0,0.0,11244000000.0,2316000000.0,133750000000.0,116905000000,241877000000.0,143688000000.0,4189000000.0,5796000000.0,100445000000.0,49361000000.0,383.0,389.1400146484375,382.1900024414063,385.5676574707031,2263100.0,323376354.0,1524689000000,10.180088801421764,9985000000.0,-1328654700000.0,0.6724252430408235,0.0716568591141654,0.0,1.0887169422817065,0.030363961703776126,0.2,0.1674597245733392,-5.771022030467353,0.0,0.0019959106104069867,0.026402859794315826,-202.91694630872485,12.228478097489552,0.03422036377606052,0.026402859794315826,25896881.66663382,-2.9019402668782425e-10,0.05645183092513132,-0.07645743378537544,0.03847587614277241,0.0,13.636037430295922,0.0
386,MMM,2009-12-31,23123000000,12109000000,4907000000.0,838000000.0,0.0,219000000.0,4897000000.0,1388000000,3193000000,710599119.0,3040000000.0,3784000000.0,4941000000,13948000000,2639000000.0,3250000000.0,7000000000.0,903000000.0,103000000.0,12764000000,5619000000.0,23753000000.0,1431000000.0,17000000.0,10397000000.0,0.0,83.79000091552734,84.08000183105469,82.54000091552734,53.07072448730469,2049800.0,710599119.0,13948000000,6.332684462559825,1448000000.0,-4741500000.0,0.4763222765212127,0.44552387869983656,0.0,27.885844748858446,0.19461142585304675,1.0,0.27129337539432175,0.43212706729981987,0.14055269644942264,0.08710799696526796,0.11932538181337053,0.9200916980514164,0.3698556501184205,0.14786310790895693,0.11932538181337053,27284345.823211502,-1.1192813347528142e-08,0.0,0.0,0.0,0.0,0.0,0.0
387,MMM,2010-12-31,26662000000,13831000000,5479000000.0,919000000.0,0.0,201000000.0,6089000000.0,1592000000,4085000000,711977608.0,3377000000.0,4478000000.0,5174000000,14139000000,3155000000.0,3615000000.0,7279000000.0,1091000000.0,146000000.0,15663000000,5368000000.0,25995000000.0,1500000000.0,854000000.0,10266000000.0,12000000.0,86.52999877929688,86.9800033569336,86.01000213623047,56.82213973999024,1791500.0,711977608.0,14139000000,7.807829821524387,2354000000.0,-3589700000.0,0.48124671817568077,0.4270127036084483,0.0,36.5771144278607,0.2084989873227815,1.0,0.31671263880048095,0.4291349292709467,0.13558622758982822,0.10182234125051062,0.13740823308048355,0.7301414581066377,0.34949001754361525,0.14839499455930358,0.13740823308048355,41427514.18323136,-1.5829216853773363e-08,0.0016414805514893642,0.004629187156578248,0.009255587545694138,0.0,0.0014960690144365796,0.0024832344297972125
388,MMM,2011-12-31,29650000000,15693000000,6170000000.0,1036000000.0,0.0,186000000.0,5441000000.0,1674000000,4283000000,694970041.0,2219000000.0,3680000000.0,5284000000,15754000000,3416000000.0,3867000000.0,7666000000.0,1379000000.0,155000000.0,15420000000,5047000000.0,28348000000.0,1555000000.0,2701000000.0,11679000000.0,13000000.0,83.76000213623047,84.44000244140625,83.36000061035156,56.3993034362793,3380100.0,694970041.0,15754000000,8.528425184302296,4256000000.0,-5584200000.0,0.47072512647554804,0.44207207852690406,0.0,41.865591397849464,0.19989881956155142,1.0,0.23359146883331217,0.4386798510337742,0.13042158516020236,0.1078620335596777,0.1512150800574661,0.648131501219982,0.4019305502320433,0.17709002183125722,0.1512150800574661,75461924.89431162,-1.009980004947518e-08,-0.0018657166818882114,0.0017624645695015577,0.008037158844548278,0.0,0.003986050622780284,0.0041362726150455205
389,MMM,2012-12-31,29943000000,15685000000,6102000000.0,1079000000.0,0.0,171000000.0,6200000000.0,1840000000,4444000000,687091650.0,2883000000.0,4531000000.0,5300000000,15836000000,3837000000.0,4061000000.0,8378000000.0,1484000000.0,163000000.0,17575000000,5902000000.0,30679000000.0,1635000000.0,2204000000.0,12407000000.0,19000000.0,91.5500030517578,92.91999816894533,91.4000015258789,64.4122314453125,2580600.0,687091650.0,15836000000,8.9434939283573,3839000000.0,-4299100000.0,0.47617139231205957,0.42797026230887925,0.0,47.69590643274854,0.20522325752262632,1.0,0.28612023238191464,0.47045120156939674,0.13562435293724745,0.10225798547904813,0.13884775806828767,0.7236390387444825,0.3578182419478281,0.18195193722412947,0.13884775806828767,59600481.36601821,-1.4982724627320254e-08,-0.0016917752878737313,-0.0010919099333850564,0.008251026028414245,0.0,0.016447244706781307,0.0035824012213506447
390,MMM,2013-12-31,30871000000,16106000000,6384000000.0,1150000000.0,0.0,145000000.0,7498000000.0,1841000000,4659000000,663296239.0,2581000000.0,3337000000.0,5817000000,15602000000,3864000000.0,4253000000.0,8652000000.0,1665000000.0,122000000.0,17502000000,5912000000.0,32416000000.0,1730000000.0,5212000000.0,15385000000.0,17000000.0,140.0,140.42999267578125,139.47999572753906,99.48414611816406,1846500.0,663296239.0,15602000000,9.641242666536513,6942000000.0,-5078200000.0,0.4782805869586343,0.4323738570944802,0.0,57.8,0.20715234362346538,1.0,0.2138828355339059,0.46104283498389215,0.13776683618930388,0.07838022218937751,0.09691235279925864,0.7054050829256652,0.23643886292009902,0.19866364395656844,0.09691235279925865,69779962.64605333,-1.9590434823001075e-08,0.0025184868276954173,0.0024178413539713193,0.007495019864564305,0.0,0.016457273426448087,0.0033250359071181706
391,MMM,2014-12-31,31821000000,16447000000,6469000000.0,1193000000.0,0.0,142000000.0,5964000000.0,2028000000,4956000000,635134594.0,1897000000.0,2523000000.0,13174000000,18067000000,3706000000.0,4238000000.0,8489000000.0,1493000000.0,102000000.0,13109000000,6760000000.0,34317000000.0,2216000000.0,5652000000.0,19307000000.0,8000000.0,166.0,167.1699981689453,164.1999969482422,119.3846206665039,1623700.0,635134594.0,18067000000,10.604051587843442,7868000000.0,-8500800000.0,0.4831400647371233,0.420775334981137,0.0,62.7112676056338,0.21165268219100594,0.9,0.13964686998394862,0.41617069062324535,0.1331824895509255,0.07173111975272373,0.08882259313337712,0.7804202262756869,0.23827138680634363,0.16765861875350926,0.08882259313337712,65904636.25946376,-1.404392770874552e-08,0.002322890808354572,0.0021431415561265397,0.007063995391979139,0.0,0.020048850797092305,0.0025093525782758073
392,MMM,2015-12-31,30274000000,15383000000,6229000000.0,1223000000.0,0.0,149000000.0,7118000000.0,1982000000,4833000000,609330124.0,1798000000.0,1916000000.0,6420000000,21415000000,3518000000.0,4154000000.0,8515000000.0,1461000000.0,117000000.0,11429000000,9878000000.0,36296000000.0,2561000000.0,5238000000.0,23308000000.0,8000000.0,151.72999572753906,152.1199951171875,150.6300048828125,112.3271255493164,1607100.0,609330124.0,21415000000,10.71832778777896,7799000000.0,-12596800000.0,0.4918742154984475,0.4183063595460345,0.0,58.13422818791946,0.21572966902292395,0.8,0.08946999766518796,0.4061417686446548,0.13721345048556516,0.07268028910355054,0.09542065405273063,1.164721141374838,0.3128821476863002,0.16866774416993766,0.09542065405273063,69431136.61869596,-8.917115898427887e-09,0.004531209513271073,0.0028591084664861912,0.008519021279504971,0.0,0.02479816200302255,0.002723400896455252
393,MMM,2016-12-31,30109000000,15118000000,6311000000.0,1248000000.0,0.0,199000000.0,6219000000.0,1995000000,5050000000,596726278.0,2398000000.0,2678000000.0,6662000000,22563000000,3385000000.0,4392000000.0,8516000000.0,1420000000.0,146000000.0,10298000000,11478000000.0,37907000000.0,2678000000.0,3753000000.0,25434000000.0,9000000.0,178.8300018310547,180.0,177.22000122070312,136.32275390625,2509300.0,596726278.0,22563000000,10.869305138930047,6431000000.0,-12829700000.0,0.4978909960476934,0.4209859248882663,0.0,43.618090452261306,0.21541731708127138,0.7,0.11868989052874175,0.38997695852534564,0.14587000564615232,0.06241917941769511,0.07973214175532968,1.439969890854347,0.2773660675956681,0.16359447004608296,0.07973214175532967,47174809.89580535,-1.0625560528013126e-08,0.004916977103523364,0.0012548782967551446,0.005248832528309237,0.0,0.03147868191140751,0.004276414595374007
394,MMM,2017-12-31,31657000000,16055000000,6626000000.0,1352000000.0,0.0,322000000.0,7687000000.0,2679000000,4858000000,594884237.0,3053000000.0,1076000000.0,6240000000,26365000000,4034000000.0,4911000000.0,8866000000.0,1373000000.0,177000000.0,11563000000,13198000000.0,39115000000.0,2803000000.0,2068000000.0,25887000000.0,13000000.0,235.77999877929688,237.07000732421875,232.8099975585937,184.6532592773437,2931000.0,594884237.0,26365000000,10.04397095833622,4871000000.0,-17393000000.0,0.4928451843194238,0.4246891424176388,0.0,27.875776397515526,0.18874182645228543,0.6,0.04081168215437132,0.4494206773618538,0.15513156647818807,0.04386534416183514,0.05439368358643739,1.655752101367457,0.24001497368308317,0.15296345811051693,0.0543936835864374,26379171.5297259,-1.0616527297035801e-08,0.0003236562736587678,-0.008995947523546174,0.004916307257380672,0.0,0.02666326536624245,0.007821183308914336
395,MMM,2018-12-31,32765000000,16682000000,7602000000.0,1253000000.0,0.0,350000000.0,7244000000.0,1637000000,5349000000,576575168.0,2853000000.0,393000000.0,6439000000,26652000000,4366000000.0,5020000000.0,8738000000.0,1577000000.0,107000000.0,9796000000,14156000000.0,40636000000.0,3193000000.0,4870000000.0,29626000000.0,17000000.0,190.33999633789065,191.6499938964844,188.5,153.27261352539062,1804400.0,576575168.0,26652000000,11.263058765652564,8063000000.0,-18205400000.0,0.4908591484816115,0.47267300876702106,0.0,24.231428571428573,0.198199298031436,0.5,0.014745610085547051,0.5147977832802736,0.1532122691896841,0.05645720212442142,0.07348383058521256,1.775937774432317,0.3015847016872629,0.1859450536493338,0.07348383058521256,52605614.36609359,-8.41907420465305e-09,-0.002343949188693961,-0.005739339683278462,0.020694152841579164,0.0,0.04424839451265467,0.008615107275083297
396,MMM,2019-12-31,32136000000,17136000000,7029000000.0,1253000000.0,0.0,448000000.0,9222000000.0,1114000000,4517000000,575184835.0,9000000.0,577000000.0,7070000000,34533000000,4134000000.0,4791000000.0,9333000000.0,1699000000.0,113000000.0,10063000000,19359000000.0,42135000000.0,3316000000.0,1407000000.0,29849000000.0,247000000.0,175.22999572753906,176.58999633789062,175.07000732421875,146.69598388671875,1573500.0,575184835.0,34533000000,11.142505174010717,4723000000.0,-26076600000.0,0.46676624346527257,0.4686,0.0,17.792410714285715,0.1994336569579288,0.4,0.016708655488952597,0.5186300338727888,0.14908513816280808,0.053897767603311726,0.07595644324261226,3.2547074646940146,0.4092688179898782,0.2131476602684732,0.07595644324261228,32195837.096993636,-5.625579404014279e-09,-0.008692980284717081,0.0035639435018811247,0.024275646774341575,0.0,0.053418460968461,0.006325164422407271
397,MMM,2020-12-31,32184000000,16605000000,6929000000.0,1100000000.0,0.0,529000000.0,7948000000.0,1337000000,5449000000,577749638.0,4634000000.0,404000000.0,8113000000,34413000000,4239000000.0,4705000000.0,9421000000.0,1501000000.0,164000000.0,12867000000,18783000000.0,43821000000.0,3388000000.0,368000000.0,29404000000.0,794000000.0,174.1199951171875,174.8699951171875,173.17999267578125,150.75241088867188,1841300.0,577749638.0,34413000000,11.74211034295793,3756000000.0,-26077300000.0,0.48406040268456374,0.4447653893061172,0.0,16.351606805293006,0.21078796917723092,0.3,0.011739749513265335,0.4900578034682081,0.1461906537409893,0.055830726522017655,0.07789003355726949,-2.565282709642174,0.39511051368017613,0.17352601156069364,0.07789003355726949,24915024.428854693,-5.780982344363561e-09,-0.0022662485990159187,0.0041962237152649755,0.02146160791795962,0.0,0.04809997315739536,0.003714956190363215
398,MMM,2021-12-31,35355000000,18795000000,7197000000.0,1200000000.0,0.0,488000000.0,9035000000.0,1285000000,5921000000,571845478.0,4564000000.0,4564000000.0,7454000000,31955000000,4985000000.0,4660000000.0,9429000000.0,1603000000.0,129000000.0,15046000000,17347000000.0,45821000000.0,3420000000.0,2199000000.0,30463000000.0,1291000000.0,177.52999877929688,178.35000610351562,176.50999450683594,158.06475830078125,1414600.0,571845478.0,31955000000,13.272816332386911,5619000000.0,-19155700000.0,0.4683920237590157,0.4346014492753623,0.0,19.186475409836067,0.21467967755621553,0.2,0.14282584884994523,0.5324148243084481,0.13180596803846698,0.062038381483612653,0.08397075018537709,-2.369161431302923,0.3535290279543774,0.17120581010359928,0.08397075018537709,35548721.04576032,-8.251578292663867e-09,0.0005419267645810355,0.005082006866095575,0.018766020805268083,0.0,0.0292172061257775,0.008252755725485606
399,MMM,2022-12-31,34229000000,19232000000,9049000000.0,1100000000.0,0.0,462000000.0,9523000000.0,612000000,5777000000,549245105.0,3655000000.0,3655000000.0,5591000000,31685000000,5372000000.0,4532000000.0,9178000000.0,1749000000.0,81000000.0,14722000000,15939000000.0,47950000000.0,3369000000.0,1464000000.0,33255000000.0,1938000000.0,121.5199966430664,122.63999938964844,120.37000274658205,113.60126495361328,2612800.0,549245105.0,31685000000,8.87399806685578,4833000000.0,-19801800000.0,0.4381372520377458,0.6033873441354938,0.0,12.874458874458874,0.142393876537439,0.1,0.11535426858134765,0.9031607262945528,0.13240234888544802,0.05180700654650156,0.07811531033989184,-2.176864244741874,0.5078136249732197,0.29404841963685274,0.07811531033989184,42543540.35558896,-5.736916086093854e-09,-0.015307716882272651,-0.022798030879930636,0.0609838117960237,0.0,0.15627332472314454,0.00880970879895317
400,MMM,2023-12-31,32681000000,18477000000,21526000000.0,1000000000.0,0.0,942000000.0,15297000000.0,-2691000000,-6995000000,552581136.0,5933000000.0,5933000000.0,6680000000,45712000000,4822000000.0,4750000000.0,9159000000.0,1615000000.0,74000000.0,4807000000,14240000000.0,37479000000.0,3311000000.0,33000000.0,32859000000.0,1152000000.0,108.62000274658205,110.66000366210938,108.4499969482422,108.20276641845705,2776800.0,552581136.0,45712000000,-10.08539676244033,3344000000.0,-31662200000.0,0.4346256234509348,1.515488594762039,0.0,-7.772823779193206,-0.17052721764939874,0.0,0.12979086454322716,-0.6585632340890467,0.14534438970655733,-0.05282323880779128,-0.09320830784895699,-1.94482381862879,0.7645322390797635,-0.22056815077847583,-0.093208307848957,30904939.963065363,-3.4174115007313784e-09,-0.01125546676936029,-0.12840229840187142,0.41551482053036165,0.0,0.5299545510395358,0.007343432618873564
401,DOW,2019-12-31,42951000000,36657000000,1590000000.0,765000000.0,2156000000.0,1038000000.0,10679000000.0,470000000,-1359000000,740100000.0,2367000000.0,2388000000.0,5930000000,46983000000,6214000000.0,7555000000.0,20996000000.0,1961000000.0,3992000000.0,13541000000,16410000000.0,17045000000.0,1550000000.0,500000000.0,500000000.0,403000000.0,54.02000045776367,54.77999877929688,53.93000030517578,43.89093399047852,2145700.0,740100000.0,46983000000,4.318335360086475,2050000000.0,-27252800000.0,0.1465390794160788,0.2526215443279314,0.34254845884969815,4.531791907514451,0.07441037461293101,0.9,0.05082689483430177,1.3210034013605443,0.17589811645828968,0.040218113932684,0.09838786663831926,4.405369127516779,1.446357052023828,0.4168792517006803,0.09838786663831926,46706684.35638022,-1.6105109930164433e-09,0.0,0.0,0.0,0.0,0.0,0.0
402,DOW,2020-12-31,38542000000,33346000000,1471000000.0,768000000.0,2092000000.0,916000000.0,11108000000.0,777000000,1225000000,742000000.0,5104000000.0,5104000000.0,6226000000,49035000000,5701000000.0,7390000000.0,20239000000.0,1252000000.0,4102000000.0,12435000000,16951000000.0,16361000000.0,2071000000.0,125000000.0,625000000.0,406000000.0,55.470001220703125,56.09999847412109,55.11000061035156,47.35021209716797,2663500.0,742000000.0,49035000000,2.738544474393531,2196000000.0,-27018700000.0,0.1348139691764828,0.28310238645111624,0.40261739799846036,4.066593886462882,0.05272170619064916,0.9,0.10408891608035077,1.530469798657718,0.1917388822583156,0.024141945885284472,0.05783594947312441,25.490225563909775,1.3956622944954014,0.33610738255033556,0.05783594947312442,46377828.16037995,-1.7524977921649808e-09,-0.003908370079865331,-0.0072295561407606165,0.01524042106159243,0.030034469574381106,0.10473319864858688,0.007920382900012957
403,DOW,2021-12-31,54968000000,46307000000,1645000000.0,857000000.0,2063000000.0,817000000.0,13226000000.0,1740000000,6311000000,738200000.0,2988000000.0,2988000000.0,7009000000,44825000000,7372000000.0,9554000000.0,20555000000.0,1501000000.0,5238000000.0,18165000000,14511000000.0,20623000000.0,2073000000.0,1000000000.0,1625000000.0,125000000.0,56.84000015258789,56.99100112915039,56.29499816894531,50.5757064819336,3093900.0,738200000.0,44825000000,6.04036846383094,3073000000.0,-21158800000.0,0.1575644011060981,0.18993187853596583,0.23819420390255167,8.587515299877602,0.08111992431960413,0.9,0.06665923034021194,1.0507411630558723,0.173810216853442,0.05427216079989477,0.11943221131253302,21.821052631578947,1.2006164772559527,0.21393956670467504,0.11943221131253302,60760396.913046025,-2.3902918162624347e-09,0.0036751072300064322,0.0022365165688910393,0.038786909989516886,0.06793221681510721,0.1963719296715963,0.008005041668925518
404,DOW,2022-12-31,56902000000,50574000000,1675000000.0,851000000.0,1958000000.0,757000000.0,11331000000.0,1450000000,4582000000,709300000.0,3886000000.0,3886000000.0,7475000000,39885000000,6988000000.0,7755000000.0,20442000000.0,1823000000.0,4382000000.0,20718000000,15060000000.0,23180000000.0,2006000000.0,2325000000.0,3871000000.0,362000000.0,50.59999847412109,51.150001525878906,50.310001373291016,47.82334899902344,3962500.0,709300000.0,39885000000,3.4484703228535176,4331000000.0,-17830600000.0,0.11120874485958314,0.26469658659924145,0.30941845764854614,6.146631439894319,0.04298618677726618,0.9,0.09743011157076595,1.5018267784225232,0.13628694949210923,0.03314089149963444,0.07210850756027011,22.646616541353385,1.1758167718893595,0.39179024285407266,0.07210850756027011,90562457.26514134,-2.682094208777239e-09,-0.007868408105633223,-0.0032451731377943285,0.035012641613996004,0.059366240678279024,0.19105842718222346,0.0203541814169897
405,DOW,2023-12-31,44622000000,42330000000,1627000000.0,829000000.0,1932000000.0,868000000.0,9957000000.0,-4000000,589000000,703600000.0,2987000000.0,2987000000.0,5196000000,39360000000,6076000000.0,6614000000.0,21066000000.0,2356000000.0,4007000000.0,18607000000,15024000000.0,21774000000.0,1972000000.0,625000000.0,4374000000.0,117000000.0,54.7400016784668,55.68000030517578,54.584999084472656,54.64169692993164,3533500.0,703600000.0,39360000000,-0.2828311540648096,2597000000.0,-19823600000.0,0.05136479763345435,0.7098603839441536,0.8429319371727748,0.7661290322580645,-0.004459683564161176,0.9,0.07588922764227642,9.136842105263158,0.14822284971538702,-0.0025576467236784785,-0.005176104878797793,22.59248120300752,1.0237763217561866,3.5428571428571427,-0.005176104878797793,47527806.52713248,-2.7563962615232167e-09,-0.03539986782421458,-0.028526535961255105,0.18754203403451,0.21456882216931597,3.1190176335656115,0.020085246094840217
406,TRV,2009-12-31,24680000000,28182000000,3366000000.0,0.0,0.0,382000000.0,523000000.0,1089000000,3622000000,520300000.0,255000000.0,5107000000.0,4231000000,82145000000,-264000000.0,0.0,0.0,0.0,75790000000.0,27415000000,6154000000.0,16315000000.0,693000000.0,0.0,9791000000.0,373000000.0,50.18999862670898,50.54999923706055,49.84000015258789,35.37161636352539,2320000.0,520300000.0,82145000000,-16.02729194695368,693000000.0,-1380000000.0,-0.14189627228525123,-0.9611650485436893,-0.0,-17.979057591623036,-0.33788492706645057,0.0,0.062170552072554626,0.0384391380314502,0.0,-0.08293481063814033,-0.4531116639464843,-0.4299888205701509,4.463467758110559,-0.0,-0.4531116639464843,19591979.9897697,-2.5631606060525647e-08,0.0,0.0,0.0,0.0,0.0,0.0
407,TRV,2010-12-31,25112000000,29826000000,3406000000.0,0.0,0.0,388000000.0,374000000.0,1090000000,3216000000,434600000.0,200000000.0,5816000000.0,3054000000,80181000000,0.0,0.0,0.0,0.0,73513000000.0,25475000000,7319000000.0,18847000000.0,673000000.0,0.0,14857000000.0,109000000.0,55.5099983215332,55.93000030517578,55.4900016784668,40.6202278137207,1905900.0,434600000.0,80181000000,-22.08467556373677,673000000.0,-852000000.0,-0.18771901879579483,-0.7225286380992787,-0.0,-20.927835051546392,-0.382207709461612,0.0,0.07253588755440815,-0.0,0.0,-0.09810440075746416,-0.5436866495435313,-0.5113890441587479,4.541919071374232,-0.0,-0.5436866495435313,16568100.087628609,-4.76763237250243e-08,-0.015274248836847868,-0.014774260798387137,0.11931820522220532,0.0,0.0192195690157251,0.0
408,TRV,2011-12-31,25446000000,36202000000,3556000000.0,0.0,0.0,386000000.0,524000000.0,-74000000,1426000000,392800000.0,214000000.0,3808000000.0,2169000000,80098000000,0.0,0.0,0.0,65000000.0,73469000000.0,24477000000,8060000000.0,19579000000.0,665000000.0,0.0,17839000000.0,350000000.0,60.11000061035156,60.31999969482422,58.97999954223633,44.266902923583984,3522500.0,392800000.0,80098000000,-37.23014256619145,665000000.0,-2821000000.0,-0.42269904896643873,-0.330606173298624,-0.0,-37.07772020725388,-0.5747072231391968,0.0,0.04754176134235561,-0.0,0.0,-0.15001122293764727,-0.8410378885204643,-0.563163778647289,4.606499780820033,-0.004541643376187814,-0.8410378885204643,15022510.184368677,-1.56919187960241e-08,-0.09360092556039583,-0.07894076535758206,0.2599476549776759,0.0,0.018120383443336104,0.0
409,TRV,2012-12-31,25740000000,33077000000,3610000000.0,0.0,0.0,378000000.0,1199000000.0,693000000,2473000000,377400000.0,330000000.0,3813000000.0,3230000000,79533000000,0.0,0.0,0.0,95000000.0,74590000000.0,25405000000,14472000000.0,21352000000.0,694000000.0,0.0,19344000000.0,600000000.0,71.01000213623047,71.83999633789062,70.7300033569336,55.4364128112793,2128600.0,377400000.0,79533000000,-31.844197138314787,694000000.0,-1130000000.0,-0.28504273504273503,-0.4920267139157694,-0.0,-28.96031746031746,-0.4668997668997669,0.0,0.04794236354720682,-0.0,0.0,-0.11963601242551844,-0.5744274480154612,-1.086160312218553,3.801459329590088,-0.008678176669407144,-0.5744274480154612,12518847.53731389,-4.905877239936221e-08,-0.03244123874898006,-0.028230685812718315,0.2381482672305251,0.0,0.016644635017406217,0.0
410,TRV,2013-12-31,26191000000,31347000000,3757000000.0,0.0,0.0,361000000.0,316000000.0,1272000000,3673000000,353500000.0,294000000.0,4176000000.0,3816000000,79016000000,0.0,0.0,0.0,89000000.0,73160000000.0,24796000000,6261000000.0,24291000000.0,729000000.0,2400000000.0,21805000000.0,0.0,90.33999633789062,90.73999786376952,90.22000122070312,71.56085205078125,1107700.0,353500000.0,79016000000,-29.833097595473834,3129000000.0,-1680000000.0,-0.19686151731510823,-0.7286656322730799,-0.0,-24.689750692520775,-0.4026574013974266,0.0,0.052850055684924575,-0.0,0.0,-0.10109980676079483,-0.4168913133441113,-0.42107740937521015,3.1235619206522185,-0.009985414562997869,-0.4168913133441113,43725024.37197909,-4.259574526832217e-08,0.07527917721711017,0.05734994058059004,0.21688490097583493,0.0,0.015375655212580079,0.0
411,TRV,2014-12-31,27174000000,36534000000,3964000000.0,0.0,0.0,369000000.0,935000000.0,1397000000,3692000000,322200000.0,374000000.0,4738000000.0,7386000000,78242000000,0.0,0.0,0.0,33000000.0,73261000000.0,24836000000,2650000000.0,27251000000.0,729000000.0,3275000000.0,25138000000.0,400000000.0,107.1500015258789,107.94000244140624,105.83999633789062,85.59512329101562,1064900.0,322200000.0,78242000000,-46.8342644320298,4004000000.0,-243000000.0,-0.34444689776992715,-0.4235042735042735,-0.0,-36.10840108401084,-0.5553102230072864,0.0,0.06055571176605915,-0.0,0.0,-0.14259963364373293,-0.5471604296052891,-0.14246545884629858,2.837039518434528,-0.00247673371359952,-0.5471604296052891,46778365.94015718,-3.5224330572434415e-07,-0.019801387575730706,-0.02947015203583982,0.16039230991884024,0.0,0.0,0.0
412,TRV,2015-12-31,26815000000,35487000000,4094000000.0,0.0,0.0,373000000.0,819000000.0,1301000000,3439000000,295900000.0,380000000.0,5051000000.0,3434000000,76586000000,0.0,0.0,989000000.0,92000000.0,70470000000.0,23598000000,2350000000.0,29945000000.0,739000000.0,3150000000.0,28362000000.0,400000000.0,114.12000274658205,114.31999969482422,112.83000183105467,93.38059997558594,956100.0,295900000.0,76586000000,-48.80027036160865,3889000000.0,-867200000.0,-0.3234010814842439,-0.4720940959409594,-0.0,-34.22520107238606,-0.5385045683386165,0.1,0.06595200167132374,-0.0,0.0,-0.13855662441460784,-0.5225953824923735,-0.12181215011403691,2.771709831271531,-0.007206642644524518,-0.5225953824923735,41646766.041520044,-1.0768058115265907e-07,-0.042179854723045224,-0.045282388980396625,0.13199406105641304,0.0,0.0,0.0
413,TRV,2016-12-31,27625000000,38340000000,4154000000.0,0.0,0.0,363000000.0,908000000.0,1039000000,3014000000,279600000.0,307000000.0,5172000000.0,4469000000,77024000000,0.0,0.0,928000000.0,48000000.0,70488000000.0,23221000000,1950000000.0,32196000000.0,757000000.0,2400000000.0,30834000000.0,450000000.0,123.06999969482422,123.06999969482422,120.26000213623048,102.33865356445312,1955400.0,279600000.0,77024000000,-58.193848354792564,3157000000.0,-1178400000.0,-0.3878733031674208,-0.38768082127858144,-0.0,-40.96143250688705,-0.5889954751131222,0.2,0.06714790195263814,-0.0,0.0,-0.15402617734436796,-0.5686399647435457,-0.09734910888123409,2.6918397544346915,-0.0032281928845248505,-0.5686399647435457,30848559.073641848,-8.684542902618221e-08,-0.014475468465831217,-0.011228417368611946,0.11966145880345433,0.0,0.0,0.0
414,TRV,2017-12-31,28902000000,43333000000,4170000000.0,0.0,0.0,369000000.0,904000000.0,674000000,2056000000,271400000.0,344000000.0,5239000000.0,4148000000,79752000000,0.0,65000000.0,932000000.0,36000000.0,68042000000.0,23731000000,1421000000.0,33462000000.0,785000000.0,1378000000.0,32274000000.0,500000000.0,136.3000030517578,136.3000030517578,131.4600067138672,114.29813385009766,2388800.0,271400000.0,79752000000,-72.38025055268976,2163000000.0,-6232600000.0,-0.49930800636634143,-0.2889612639456725,-0.0,-50.40921409214092,-0.6796761469794478,0.3,0.06569114254187983,-0.0,0.0022489793093903535,-0.17733641112356563,-0.6332583753958456,-0.070802192326856,2.5709438991330424,-0.0019353798182893394,-0.6332583753958457,18924193.485405292,-1.8338756514151022e-08,-0.05863564162736584,-0.0470571928802771,0.1470670430906032,0.0,0.0,0.0008995917237561413
415,TRV,2018-12-31,30282000000,45277000000,4297000000.0,0.0,0.0,352000000.0,967000000.0,438000000,2523000000,263600000.0,373000000.0,4726000000.0,4380000000,81339000000,0.0,12000000.0,904000000.0,74000000.0,67817000000.0,22894000000,916000000.0,35204000000.0,814000000.0,1270000000.0,33595000000.0,500000000.0,118.4800033569336,119.75,118.0500030517578,106.13859558105467,1157300.0,263600000.0,81339000000,-76.18361153262519,2084000000.0,-8605600000.0,-0.4951786539858662,-0.2865621873957986,-0.0,-54.80681818181818,-0.6631662373687339,0.4,0.058102509251404616,-0.0,0.00039627501486031304,-0.18370404805553017,-0.7177748218313873,-0.04536674756079442,2.9072346495838666,-0.003835786854654779,-0.7177748218313873,19634704.874236964,-1.2333665936257167e-08,-0.03576845027281513,-0.024723587418537234,0.07363717968838561,0.0,0.0,0.0008735522575639172
416,TRV,2019-12-31,31581000000,47247000000,4365000000.0,0.0,0.0,344000000.0,1130000000.0,516000000,2622000000,255500000.0,494000000.0,5862000000.0,5205000000,84179000000,-22343000000.0,0.0,963000000.0,107000000.0,77884000000.0,25943000000,411000000.0,36977000000.0,844000000.0,1500000000.0,35143000000.0,500000000.0,136.30999755859375,136.99000549316406,136.1300048828125,124.18679809570312,765100.0,255500000.0,84179000000,-81.76516634050881,2344000000.0,-11411900000.0,-0.49605775624584403,-0.2786288778245883,-0.0,-58.229651162790695,-0.6615053354865267,0.4,0.06963732047185164,1.1154210972991863,0.0,-0.18023664443833548,-0.6584046580981774,-0.017136424282855237,2.6530010872646823,-0.005341720333483101,-0.6584046580981775,18874792.135260813,-1.0882219270735208e-08,0.0010834167068324667,0.006056937164307034,0.07604010033251764,0.0,0.4461684389196745,0.0008735522575639172
417,TRV,2020-12-31,31981000000,47542000000,4509000000.0,0.0,0.0,339000000.0,370000000.0,540000000,2697000000,252400000.0,721000000.0,6684000000.0,6519000000,87563000000,-24033000000.0,0.0,1026000000.0,0.0,85026000000.0,29201000000,6450000000.0,38771000000.0,861000000.0,625000000.0,35815000000.0,100000000.0,139.0800018310547,140.5399932861328,138.11000061035156,130.7792205810547,970200.0,252400000.0,87563000000,-82.99920760697306,1486000000.0,-7664300000.0,-0.4865701510271724,-0.28976286871023715,-0.0,-59.203539823008846,-0.6550451830774522,0.5,0.07633361122848692,1.1974588938714499,0.0,-0.17374727482452978,-0.6346513401609669,-0.23314657509488523,2.6527268747202606,-0.0,-0.6346513401609669,11362661.387624674,-1.7063426611830786e-08,0.0028695009862312695,0.0027070180970939126,0.040871058112415974,0.0,0.5671312469085901,0.0008735522575639173
418,TRV,2021-12-31,34816000000,50330000000,4677000000.0,0.0,0.0,340000000.0,472000000.0,796000000,3662000000,241200000.0,761000000.0,4597000000.0,7274000000,91579000000,-21822000000.0,0.0,979000000.0,3000000.0,82539000000.0,28887000000,97000000.0,41555000000.0,869000000.0,2156000000.0,38015000000.0,100000000.0,156.52999877929688,157.11000061035156,156.11000061035156,149.0397491455078,682400.0,241200000.0,91579000000,-88.42039800995025,3025000000.0,-15158200000.0,-0.4455997242647059,-0.30146964032486784,-0.0,-59.38529411764706,-0.6125631893382353,0.6,0.050197097587874946,1.0807785647070476,0.0,-0.16723466558131067,-0.5932672224483231,-0.0035062353153804448,2.5475134320155193,-0.00014858105096330048,-0.5932672224483231,20296598.8425456,-9.832285439267711e-09,0.01681934399371271,0.016314048716097134,0.007342327755757552,0.0,0.5554764898653807,0.0008735522575639173
419,TRV,2022-12-31,36884000000,56058000000,4810000000.0,0.0,0.0,351000000.0,545000000.0,512000000,2842000000,232100000.0,799000000.0,4269000000.0,6465000000,94157000000,0.0,32000000.0,952000000.0,0.0,81104000000.0,21560000000,225000000.0,43516000000.0,875000000.0,2000000000.0,40076000000.0,100000000.0,186.7100067138672,187.38999938964844,185.2400054931641,182.09625244140625,983400.0,232100000.0,94157000000,-107.05299439896596,2875000000.0,-8568000000.0,-0.5198460036872357,-0.25086054031500993,-0.0,-68.33048433048432,-0.673652532263312,0.7,0.04533916756056374,-0.0,0.0008675848606441818,-0.182133994126543,-0.58789235343222,-0.008133020061449486,2.227801357190709,-0.0,-0.58789235343222,15788353.474902505,-2.1253064010434902e-08,-0.01109195088668776,-0.006202449728619941,0.016968781843655866,0.0,0.5554764898653806,0.00034358958681528115
420,TRV,2023-12-31,41364000000,63853000000,5176000000.0,0.0,0.0,376000000.0,806000000.0,380000000,2991000000,228200000.0,650000000.0,5787000000.0,7711000000,101057000000,-105268000000.0,0.0,0.0,0.0,83552000000.0,24921000000,217000000.0,45591000000.0,908000000.0,958000000.0,41105000000.0,100000000.0,190.1999969482422,192.5800018310547,190.1999969482422,190.55235290527344,1754200.0,228200000.0,101057000000,-124.54425942156003,1866000000.0,-64352000000.0,-0.543685330238855,-0.23015696562764018,-0.0,-73.57712765957447,-0.6870950585049802,0.8,0.05726471199422108,3.8050966925718415,0.0,-0.196629266240042,-0.6535960197955306,-0.00784384601482017,2.3240017231088608,-0.0,-0.6535960197955306,9792584.40816849,-2.961094494425557e-09,-0.03269520199138304,-0.024843956388914974,0.026111294831413834,0.0,1.2617844306495016,0.0003470339442576727
